2959 4984
512 318 658 371 x111.
732 318 1219 376 concoam'rs
1256 312 1882 372 consranrxnnsxa
1915 316 1982 368 A.
2021 312 2178 370 1418.
2249 285 2256 292 ’
2459 312 2530 367 87

134 493 547 573 cumspectos
590 484 765 550 viros
814 483 1366 567 Ambassiatores,
1398 477 1894 566 Procuratores,
1936 481 2258 548 Doctores
2297 489 2364 546 et
2397 478 2534 546 Ma—

131 583 395 670 gistrOS,
461 594 879 670 caeterosque
934 584 1371 650 venerabilem
1426 582 1754 648 nationem
1813 581 2268 650 Germanicam
2306 582 2375 648 in
2419 603 2535 668 ge-

130 687 334 752 nerali
382 685 867 752 Constantiensi
914 684 1205 752 Concilio
1262 694 1822 774 repraesentantes
1881 693 1948 749 et
2003 683 2314 750 facientes
2373 703 2532 748 non-

125 786 303 851 nulla
328 786 617 874 capitula
644 787 1027 852 concordata
1046 794 1113 850 et
1142 788 1220 852 ab
1262 795 1534 870 utraque
1570 795 1754 874 parte
1797 793 2032 874 sponte
2065 793 2378 875 suscepta,
2417 806 2538 850 nec

130 909 260 952 non
310 887 399 951 de
447 886 600 952 dicti
614 885 882 952 Domini
926 885 1130 951 nostri
1176 885 1393 974 Papae
1432 885 1734 950 mandato
1782 885 1850 949 in
1889 885 2058 952 libro
2088 883 2528 952 Cancellariae

131 995 391 1052 sanctae
442 987 771 1054 Romanae
811 985 1163 1068 Ecclesiae,
1205 987 1271 1050 in
1316 1007 1443 1070 quo
1482 985 1920 1052 Romanorum
1959 985 2348 1050 Pontificum
2387 1009 2534 1054 con·

134 1087 505 1151 stitutiones
552 1096 617 1150 et
663 1085 1097 1152 ordinationes
1143 1088 1354 1150 solent
1398 1084 1755 1166 conscribi,
1817 1084 1900 1149 ad
1941 1085 2219 1150 futuram
2261 1087 2358 1151 rei
2399 1109 2534 1154 cer-

130 1186 481 1252 titudinem
524 1187 717 1252 nobis
754 1208 1017 1275 operam
1063 1186 1391 1269 dantibus,
1455 1194 1650 1275 prout
1694 1185 1779 1250 ad
1819 1194 2111 1273 nostrum
2145 1195 2394 1273 spectat
2435 1188 2528 1252 of·

124 1286 375 1368 ficium,
438 1286 547 1351 die
594 1286 815 1371 quinta
858 1284 1106 1350 decima
1150 1285 1387 1351 mensis
1436 1285 1687 1373 Aprilis
1709 1334 1730 1368 ,
1791 1285 2212 1351 Pontificatus
2255 1287 2524 1354 Domini

122 1387 321 1452 nostri
338 1386 565 1474 Papae
606 1409 773 1451 anno
821 1385 1031 1474 primo
1074 1385 1433 1473 conscripta
1476 1385 1760 1468 fuerunt,
1803 1408 1878 1450 ac
1908 1385 2172 1452 demum
2217 1386 2302 1452 de
2331 1387 2524 1454 simili

121 1487 423 1552 mandato
468 1486 537 1551 in
580 1485 905 1552 audientia
950 1485 1592 1550 contradictoriarum
1632 1485 1740 1551 die
1767 1484 2053 1552 secunda
2083 1486 2320 1552 mensis
2347 1487 2522 1571 Maii,

122 1610 303 1671 anno,
352 1609 489 1672 quo
532 1610 727 1676 supra
766 1587 935 1651 lecta
966 1595 1033 1650 et
1073 1585 1435 1675 publicata:
1478 1585 1862 1671 adiectoque
1906 1586 2081 1671 quod
2119 1589 2238 1654 sub
2274 1596 2520 1654 nostra-

121 1713 258 1754 rum
301 1691 647 1756 literarum
688 1685 1056 1752 testimonio
1099 1685 1407 1771 indigens
1444 1685 1719 1771 quisque
1766 1686 1887 1753 sibi
1935 1687 2370 1752 testimonium
2418 1711 2521 1754 su—

120 1813 295 1857 mere
340 1791 581 1872 valeat,
632 1788 700 1853 in
745 1796 879 1852 toto
900 1835 918 1868 ,
962 1786 1069 1851 vel
1112 1785 1179 1850 in
1226 1807 1303 1850 ea
1340 1795 1555 1874 parte,
1603 1808 1728 1870 qua
1768 1786 2098 1872 indigeret
2141 1788 2518 1856 eorundem.

120 1891 251 1957 Nos
282 1892 371 1957 ad
416 1889 763 1956 reverendi
806 1889 1006 1977 patris
1050 1888 1120 1952 in
1146 1885 1405 1952 Christo
1439 1886 1682 1951 domini
1706 1885 1964 1951 Martini
2007 1888 2294 1977 episcopi
2324 1888 2518 1954 Atre-

121 1993 401 2058 batcnsis
444 1990 811 2056 instantiam
836 2037 855 2071 ,
920 1988 1194 2077 capitula
1238 1985 1606 2052 huiusmodi
1626 2037 1645 2070 ,
1707 1987 1870 2052 sicut
1915 1988 2312 2076 praefertur,
2363 2011 2512 2056 con-

123 2093 378 2158 cordata
428 2100 497 2157 et
544 2100 777 2179 sponte
832 2097 1167 2177 suscepta,
1226 2109 1310 2152 ex
1362 2086 1624 2172 integro
1669 2111 1754 2152 cx
1813 2087 1983 2153 libro
2038 2087 2370 2175 praedicto
2435 2089 2518 2154 de

120 2195 313 2259 verbo
376 2191 467 2257 ad
527 2192 797 2256 verbum
844 2189 1129 2254 fideliter
1192 2186 1564 2254 transscribi
1618 2196 1686 2252 et
1737 2187 2186 2274 praesentibus
2227 2189 2520 2254 annotari

119 2291 385 2357 fecimus
412 2339 435 2373 ,
496 2310 768 2375 quorum
814 2297 1002 2354 tenor
1049 2286 1339 2372 sequitur
1376 2286 1444 2350 in
1488 2285 1662 2350 hunc
1706 2286 1991 2351 modum.

275 2390 331 2457 I.
424 2387 529 2453 De
585 2411 853 2453 numero
924 2401 984 2452 et
1052 2387 1365 2476 qualitate
1436 2384 1912 2450 Gardinalium.
1999 2383 2396 2468 StatuimuS,
2457 2395 2530 2452 ut

122 2489 425 2579 deinceps
474 2511 785 2556 numerus
830 2486 1277 2554 Cardinalium
1327 2493 1581 2550 sanctae
1628 2485 1954 2551 Romanae
1985 2484 2318 2551 Ecclesiae
2357 2487 2522 2552 adeo

121 2587 196 2652 sit
234 2591 631 2655 moderatus
625 2638 656 2672 ,
732 2587 907 2674 quod
953 2609 1085 2652 non
1150 2585 1233 2651 sit
1287 2583 1506 2670 gravis
1568 2573 1896 2649 Ecclesiae
1919 2631 1939 2665 ,
2019 2604 2142 2647 nec
2194 2585 2524 2672 superflua

118 2690 577 2756 numerositate
618 2689 905 2754 vilescat.
999 2686 1131 2770 Qui
1188 2685 1272 2749 de
1323 2683 1620 2749 omnibus
1684 2682 1971 2772 partibus
2021 2680 2516 2750 Christianitatis

122 2787 721 2875 proportionaliter,
786 2795 1096 2873 quantum
1152 2783 1296 2850 fieri
1350 2783 1611 2872 poterit,
1675 2792 2115 2848 assumantur:
2176 2790 2250 2848 ut
2291 2784 2517 2850 notitia

124 2908 451 2954 causarum
497 2899 563 2954 et
617 2887 1035 2975 negotiorum
1086 2885 1156 2950 in
1213 2883 1507 2949 Ecclesia
1571 2882 2046 2968 emergentium
2103 2882 2353 2950 facilius
2402 2885 2513 2952 ha-

125 2990 251 3054 beri
290 2989 534 3078 possit,
594 2998 659 3055 et
721 2986 1075 3072 aequalitas
1136 2983 1481 3071 regionum
1545 2983 1614 3047 in
1650 2981 2003 3049 honoribus·
2068 2982 2516 3050 ecclesiasticis

126 3091 534 3171 observetur3
599 3089 692 3153 sic
743 3097 991 3169 tamen,
1054 3084 1228 3171 quod
1284 3104 1628 3150 numerum
1683 3080 1937 3146 XXIV.
1985 3104 2116 3146 non
2160 3084 2517 3168 excedant,

124 3189 237 3254 nisi
282 3213 406 3278 pro
466 3189 715 3254 honore
756 3187 1087 3274 nationum
1112 3235 1131 3268 ,
1197 3207 1359 3270 quae
1407 3183 1786 3250 Cardinales
1838 3206 1971 3248 non
2013 3183 2315 3266 habent,·
2349 3200 2516 3251 unus

124 3289 221 3352 vel
262 3289 393 3354 duo
456 3311 574 3376 pro
646 3290 851 3354 semel
913 3288 995 3352 de
1038 3285 1307 3352 consilio
1362 3293 1428 3350 et
1493 3305 1808 3349 consensu
1861 3281 2303 3349 Cardinalium
2343 3309 2517 3352 assu-

126 3389 331 3454 mendi
375 3389 775 3455 viderentur.
902 3387 1051 3455 Sint
1092 3396 1309 3452 autem
1348 3384 1469 3449 viri
1512 3384 1580 3448 in
1625 3382 1926 3466 scientia,
1970 3383 2257 3452 moribus
2308 3393 2374 3450 et
2417 3407 2516 3452 re-

124 3509 257 3552 rum
330 3490 739 3576 experientia
802 3488 1200 3554 excellentes
1223 3535 1242 3569 ,
1291 3485 1615 3558 Doctores
1671 3483 1739 3548 in
1803 3483 2166 3571 Theologia
2185 3534 2205 3568 ,
2285 3495 2393 3551 aut
2452 3486 2520 3551 in

126 3586 268 3654 Iure
314 3589 646 3656 Canonico
710 3590 819 3654 vel
880 3587 1072 3654 Civili
1095 3636 1115 3670 ,
1192 3595 1452 3674 praeter
1515 3583 1865 3676 admodum
1922 3607 2162 3673 paucos
2189 3634 2208 3666 ,
2281 3585 2388 3668 qui
2437 3583 2521 3648 de

127 3688 314 3778 stirpe
348 3690 558 3779 ⁸regia
615 3691 723 3755 vel
783 3689 993 3755 ducali
1072 3695 1182 3752 aut
1237 3685 1456 3772 magni
1515 3684 1834 3773 Principis
1897 3684 2155 3750 oriundi
2222 3683 2520 3765 existant,

128 3787 187 3854 in
229 3791 463 3876 quibus
510 3799 887 3880 competens
929 3789 1261 3854 literatura
1304 3786 1615 3868 sufficiat3
1685 3808 1817 3851 non
1859 3785 2125 3868 fratres,
2166 3792 2275 3848 aut
2315 3803 2514 3870 nepo-

132 3897 217 3953 tes
262 3911 351 3956 ex
393 3890 595 3956 fratre
639 3892 748 3956 vel
785 3910 1010 3956 sorore
1051 3887 1316 3953 alicuius
1365 3885 1726 3952 Cardinalis
1753 3885 2058 3967 viventis3
2105 3905 2226 3949 nec
2269 3883 2351 3948 de
2386 3905 2517 3947 uno

130 3989 347 4056 ordine
397 3990 901 4057 mendicantium
945 3990 1115 4054 ultra
1162 4009 1363 4052 unum
1396 4011 1412 4068 3
1473 4008 1607 4050 non
1653 4007 1926 4074 corpore
1966 3983 2208 4064 vitiati,
2256 3992 2367 4046 aut
2406 3983 2518 4048 ali-

130 4088 295 4154 cuius
340 4089 623 4156 criminis
663 4091 771 4156 vel
810 4088 1111 4154 infamiae
1181 4095 1333 4153 nota
1373 4086 1696 4174 respersi3
1739 4107 1862 4150 nec
1904 4085 2016 4149 fiat
2075 4105 2302 4148 eorum
2348 4083 2514 4148 elec-

130 4186 207 4250 tio
242 4210 363 4276 per
403 4189 785 4255 auricularia
822 4198 973 4253 vota
1019 4186 1446 4268 solummodo,
1493 4186 1611 4252 sed
1657 4186 1848 4250 etiam
1895 4208 2038 4249 cum
2072 4180 2337 4248 consilio
2361 4179 2516 4247 Car-

132 4285 427 4354 dinalium
472 4287 921 4375 collegialiter,
982 4288 1149 4353 sicut
1188 4287 1256 4351 in
1300 4285 1814 4374 promotionibus
1855 4283 2328 4371 Episcoporum
2378 4281 2522 4346 fieri

134 4388 470 4454 consuevit.
520 4387 652 4472 Qui
694 4387 924 4454 modus
974 4387 1167 4454 etiam
1214 4389 1613 4469 observetur,
1657 4384 1913 4471 quando
1955 4381 2186 4469 aliquis
2229 4404 2315 4448 ex
2353 4382 2508 4450 Car-

134 4485 435 4555 dinalibus
475 4487 545 4552 in
584 4486 979 4578 Episcopum
1025 4495 1408 4554 assumetur.
