2959 4984
376 277 485 334 5⁰8
680 277 897 330 Lxxx.
970 275 1443 330 lucubrante
1482 277 1626 330 1³30
1657 277 1852 332 FORO
1893 277 2428 332 consemu‘nffl.

382 442 817 524 habitualiter,
862 439 917 506 si
959 438 1168 506 Vobis
1210 439 1568 528 placueritx
1613 439 1758 505 aliis
1799 461 1958 506 vero
2003 439 2456 523 Confessariis,
2503 459 2663 504 cum
2706 437 2784 504 ad

378 543 517 607 Vos
579 541 713 606 sive
770 541 851 606 ad
896 539 1305 628 praedictum
1348 538 1688 606 Vioarium
1735 539 2136 608 Gener-alem
2175 541 2246 606 in
2287 539 2548 606 casibus
2593 539 2786 626 parti-

375 641 698 708 cularibus
742 640 1227 706 Poenitentium
1292 659 1635 706 recursum
1677 639 2026 706 habuerint
2040 689 2059 721 ‚
2122 663 2244 730 pro
2287 640 2598 729 exposito
2641 659 2789 702 casu

375 742 695 830 impartiri
733 740 1016 830 possitis,
1058 739 1185 804 nisi
1223 740 1307 805 ob
1342 739 1710 826 peculiares
1733 763 1962 806 causas
1992 741 2316 826 aliquibus
2353 739 2788 806 consonantiis

378 867 417 907 a
459 841 666 908 Vobis
732 839 1107 928 specialiter
1148 838 1658 924 subdelegandis
1679 889 1701 922 ,
1767 861 1886 926 per
1929 849 2186 928 tempus
2229 841 2500 906 arbitrio
2556 839 2790 902 Vestro

376 940 812 1024 statuendum,
858 939 1005 1004 illas
1046 939 1512 1006 communicari
1548 939 1950 1024 judicabitis.

546 1041 602 1108 1.
688 1038 1095 1108 Absolvendi
1152 1040 1237 1104 ab
1274 1037 1972 1106 Excommunicatione
2038 1042 2122 1107 ob
2183 1061 2414 1106 manus
2465 1038 2794 1104 violentas

376 1142 649 1228 injectas
692 1141 763 1206 in
806 1135 1101 1207 Clericos
1120 1187 1139 1220 ,
1200 1147 1313 1204 aut
1353 1137 1787 1224 Presbyter-os
1808 1187 1830 1222 ,
1889 1139 2000 1204 vel
2039 1139 2110 1204 in
2151 1138 2520 1226 Regulares
2540 1188 2562 1222 ,
2611 1137 2794 1202 dum-

382 1240 579 1307 modo
622 1263 754 1305 non
796 1238 993 1304 fuerit
1032 1247 1305 1323 sequuta
1344 1259 1544 1321 mors,
1581 1238 1691 1304 vel
1731 1238 2072 1325 mutilatio,
2115 1261 2232 1304 seu
2258 1239 2506 1304 lethale
2533 1237 2796 1319 vulnus,

384 1350 495 1408 aut
539 1341 783 1408 ossium
819 1338 1081 1420 fracti03
1130 1347 1195 1402 et
1237 1336 1592 1404 dummodo
1633 1335 1840 1404 Casus
1879 1337 1965 1404 ad
2003 1337 2249 1404 Forum
2291 1349 2654 1404 externum
2691 1337 2796 1402 de-

388 1441 567 1506 ducti
606 1461 741 1506 non
780 1437 1055 1518 fuerint3
1109 1436 1419 1522 injunctis
1462 1438 1906 1526 injungendis,
1949 1447 2018 1502 et
2057 1438 2467 1526 praesertim,
2506 1448 2589 1504 ut
2633 1436 2798 1526 parti

386 1541 603 1608 laesae
650 1546 1099 1628 competenter
1142 1536 1431 1602 satisfiat.

552 1639 641 1704 H.
725 1635 1137 1703 Absolvendi
1198 1657 1620 1721 quoscunque
1675 1636 2098 1704 Poenitentes
2161 1637 2300 1702 sive
2344 1636 2590 1721 Viros,
2659 1637 2793 1702 sive

390 1738 701 1808 Mulieres
744 1737 1069 1825 (exceptis
1105 1735 1476 1804 Haereticis
1514 1736 1814 1824 publicis,
1857 1739 1995 1802 sive
2036 1737 2300 1826 publice
2323 1737 2800 1824 Dogmatican-

384 1838 583 1924 tibus)
630 1863 669 1903 a
713 1837 1048 1922 quibusvis
1094 1834 1458 1904 Sententiis
1473 1885 1496 1918 ,
1537 1836 1876 1922 censuris,
1917 1847 1988 1902 et
2029 1837 2269 1905 Poenis
2309 1835 2802 1904 Ecclesiasticis

382 1938 661 2004 incursis
698 1938 783 2004 ob
810 1937 1137 2002 Haereses
1172 1945 1307 2002 tam
1348 1936 1612 2001 nemine
1643 1935 1972 2019 audiente,
2012 1937 2122 2002 vel
2147 1936 2564 2019 advertente,
2607 1957 2801 2021 quam

388 2059 609 2104 coram
648 2036 795 2100 aliis
842 2045 1233 2115 externataS,
1272 2033 1357 2100 ob
1397 2035 1886 2119 Infidelitatem,
1933 2046 2001 2102 et
2035 2035 2416 2102 Catholicae
2452 2035 2652 2104 Fidei
2699 2037 2802 2100 ab·

378 2138 774 2224 jurationem
808 2135 1063 2224 private
1106 2134 1442 2216 admissaS,
1493 2133 1876 2224 Sortilegia,
1923 2159 1998 2202 ac
2037 2135 2368 2202 Maleficia
2411 2136 2616 2200 etiam
2657 2157 2802 2200 cum

392 2236 581 2304 sociis
640 2245 924 2326 patrata,
993 2256 1116 2300 nec
1172 2256 1307 2299 non
1365 2236 1448 2299 ob
1490 2234 1848 2300 Daemonis
1890 2236 2367 2300 invocationem
2409 2258 2562 2300 cum
2609 2243 2796 2324 pacto

394 2337 676 2402 donandi
718 2335 1045 2415 Amm,
1092 2333 1283 2418 eique
1323 2333 1697 2423 praestitam
1743 2333 2209 2418 Idololatriam,
2252 2358 2326 2398 ac
2367 2333 2794 2424 Superstitio-

394 2459 509 2504 nes
570 2436 929 2519 exercitas,
996 2457 1071 2500 ac
1128 2434 1390 2500 demum
1448 2435 1532 2499 ob
1577 2456 1997 2520 quaecunque
2041 2435 2358 2500 insinuata
2399 2435 2566 2501 falsa
2609 2435 2793 2520 Dog-

392 2546 595 2620 mata3
668 2545 1012 2624 postquam
1068 2542 1286 2599 tamen
1329 2533 1680 2599 Poenitens
1731 2533 2140 2624 complices,
2209 2535 2265 2600 si
2320 2555 2482 2620 quos
2541 2536 2794 2616 habeat,

396 2647 587 2724 prout
630 2637 713 2701 de
744 2637 930 2722 jure,
990 2634 1513 2718 denunciaverit3
1583 2643 1650 2699 et
1691 2641 2008 2719 quatenus
2051 2637 2134 2701 ob
2167 2636 2375 2721 justas
2415 2657 2646 2700 causas
2685 2655 2792 2698 ne·

397 2743 591 2821 queat
638 2745 797 2802 ante
855 2735 1327 2801 absolutionem
1393 2733 1786 2800 denunciare
1803 2785 1823 2819 ,
1892 2735 2061 2800 facta
2115 2758 2153 2799 a
2194 2734 2584 2800 Poenitente
2627 2733 2794 2800 seria

394 2837 823 2926 promissione
866 2834 1433 2899 denunciationem
1477 2833 1842 2921 peragendi
1887 2855 2033 2899 cum
2076 2834 2378 2923 primum,
2423 2843 2492 2900 et
2537 2832 2791 2900 meliori

395 2935 611 3017 modo,
658 2955 785 3020 quo
831 2934 977 2998 fieri
1019 2932 1296 3020 poterit3
1342 2942 1410 2996 et
1447 2943 1792 3022 postquam
1835 2935 1906 2998 in
1947 2935 2218 3021 singulis
2259 2934 2530 3000 Casibus
2577 2955 2790 3000 coram

393 3035 799 3102 Absolvente
844 3034 1151 3098 haereses
1192 3041 1443 3098 secrete
1484 3034 1912 3118 abjuraverit3
1985 3045 2052 3099 et
2095 3044 2354 3123 pactum
2401 3057 2551 3100 cum
2595 3035 2788 3100 male·

392 3135 565 3200 dicto
607 3133 947 3200 Daemone
994 3133 1225 3198 initum
1270 3154 1584 3222 expresse
1628 3133 2062 3218 revocaverit,
2107 3135 2340 3200 tradita
2387 3134 2607 3200 eidem
2657 3135 2786 3201 Ab·

390 3234 669 3301 solventi
714 3233 1065 3321 singrapha
1108 3233 1333 3299 forsan
1376 3241 1658 3316 exarata,
1705 3233 1975 3319 aliisque
2025 3235 2257 3300 mediis
2303 3234 2788 3324 superstitiosis,

388 3334 473 3400 ad
530 3333 746 3400 omnia
788 3334 1229 3399 comburenda
1270 3355 1386 3399 seu
1430 3333 1860 3399 destruendat
1932 3335 2229 3421 Injuncta
2271 3357 2390 3424 pro
2433 3333 2634 3399 modo
2679 3355 2786 3398 ex-

396 3458 694 3504 cessuum
721 3434 904 3522 gravi
921 3433 1329 3498 Poenitentia
1358 3433 1624 3498 salutari
1649 3455 1798 3498 cum
1815 3434 2181 3521 frequentia
2199 3432 2788 3515 sacramentorum,

396 3546 463 3602 et
504 3535 905 3624 obligatione
946 3555 1015 3599 se
1058 3533 1449 3600 retractandi
1489 3533 1664 3621 apud
1705 3555 2018 3622 personas
2034 3583 2054 3617 ,
2101 3557 2316 3600 coram
2363 3517 2617 3620 quibus'
2639 3535 2786 3600 hae-

393 3659 573 3704 reses
614 3636 1064 3718 manifestavit,
1106 3644 1173 3700 et
1208 3633 1556 3722 reparandi
1598 3633 1712 3700 illa
1757 3634 2074 3700 scandala.

561 3736 688 3803 ΙΙΙ.
774 3735 1185 3802 Absolvendi
1238 3760 1277 3801 a
1323 3731 1636 3800 Censuris
1679 3735 1762 3800 ob
1805 3734 2270 3817 retentionem,
2335 3743 2402 3798 et
2443 3733 2788 3800 lectionem

395 3838 741 3904 Librorum
785 3834 1259 3923 prohibitorum
1298 3834 1596 3917 incursis,
1645 3843 1990 3922 postquam
2031 3843 2250 3900 tamen
2287 3833 2644 3900 Poenitens
2684 3833 2786 3898 Li·

397 3941 551 4004 bros
594 3935 976 4025 prohibitos,
1020 3957 1183 4020 quos
1208 3935 1279 4000 in
1302 3957 1417 4002 sua
1440 3942 1764 4024 potestate
1795 3934 2092 4017 retineat,
2131 3942 2330 4023 prout
2355 3933 2442 3998 de
2460 3934 2616 4018 jure
2639 3955 2784 3998 con-

400 4037 773 4123 signaverit,
794 4056 916 4100 seu
930 4034 1315 4121 consignare
1333 4033 1582 4116 fecerit,
1603 4055 1750 4100 cum
1766 4055 2062 4118 congrua
2084 4033 2347 4100 salutari
2361 4032 2784 4098 Poenitentia.

562 4137 683 4202 IV.
770 4134 1183 4204 Absolvendi
1226 4157 1265 4198 a
1286 4131 1594 4200 Censuris
1637 4133 1912 4200 incursis
1953 4135 2038 4200 ob
2078 4133 2496 4198 violationem
2523 4131 2784 4199 Clausu-

400 4259 511 4302 rae
553 4235 980 4324 Regularium
1019 4234 1359 4318 utriusque
1400 4253 1598 4298 sexus
1617 4284 1636 4316 ,
1700 4233 2052 4300 dummodo
2093 4255 2228 4299 non
2265 4233 2463 4299 fuerit
2506 4255 2654 4298 cum
2691 4233 2784 4298 in·

398 4337 687 4404 tentione
721 4335 803 4402 ad
832 4335 1073 4402 malum
1101 4333 1323 4415 finem,
1362 4331 1554 4396 etiam
1585 4333 1820 4398 effectu
1847 4356 1980 4400 non
2010 4343 2304 4420 sequuto,
2345 4343 2412 4400 et
2437 4331 2784 4398 dummodo

401 4459 583 4502 casus
633 4458 769 4500 non
827 4434 1070 4500 fuerint
1120 4433 1207 4499 ad
1250 4432 1495 4498 Forum
1549 4442 1896 4500 externum
1943 4433 2206 4500 deducti
2221 4483 2240 4518 ,
2311 4456 2461 4500 cum
2503 4451 2790 4520 congma
