2959 4984
310 275 611 344 Lxxxm.
684 272 1161 332 CONSTITUTIO
1196 273 1299 329 DE
1334 271 2010 328 APPELLATIOMBUS
2045 271 2114 326 Δ.
2151 271 2308 326 1⁷42.
2405 273 2514 328 ⁶2⁶

280 445 347 525 ἐ.
368 443 469 512 83.
534 443 707 510 Item
746 465 783 507 a
804 441 1113 509 Decretis
1156 441 1700 529 compellentibus
1739 439 2067 523 Notarios,
2109 442 2302 506 etiam
2332 442 2518 530 Apo—

108 543 364 627 stolica,
406 540 763 630 Imperiali,
808 551 919 608 aut
952 541 1163 630 Regia
1202 541 1582 608 auctoritate
1617 548 1888 623 creatos,
1935 551 2002 606 et
2041 541 2404 608 scribentes
2443 543 2512 608 in

109 643 347 711 Causis
386 640 881 726 Ecclesiasticis,
920 643 1030 707 vel
1068 639 1536 730 Spiritualibus
1550 691 1570 725 ,
1609 641 1696 706 ad
1737 662 1810 706 se
1847 641 2326 725 subjiciendum
2367 641 2534 710 ema-⁸

110 743 271 808 mini
306 766 323 807 ε
366 742 745 828 Eorumque
784 742 1171 824 remotione,
1212 741 1321 806 vel
1358 740 1788 828 suspensione
1827 741 1898 806 in
1937 764 2093 806 casu
2135 739 2382 826 delicti,
2413 744 2523 808 vel

110 841 509 930 imperitiae3
530 843 723 927 juxta
740 841 1221 930 praescriptum
1240 841 1429 910 Sacri
1449 839 1732 910 Concilii
1757 840 1932 908 dicta
1957 863 2116 906 sess.
2133 841 2238 908 22.
2255 865 2394 931 cap.
2417 843 2516 908 10.

285 943 347 1022 ξ.
390 941 495 1006 34.
576 940 749 1006 Item
792 942 876 1007 ab
920 940 1248 1008 erectione
1292 937 1642 1008 Seminarii
1659 989 1680 1025 ,
1747 949 1814 1006 et
1858 940 2180 1006 taxatione
2225 963 2520 1026 quarum-

114 1062 397 1126 cumque
436 1039 844 1127 Dignitatum
860 1092 881 1126 ,
938 1041 1419 1109 Pei-senatuum
1432 1089 1453 1124 ,
1503 1039 1894 1110 Officiorum
1909 1091 1932 1125 ,
1974 1041 2524 1126 Praebendarum,

116 1141 510 1208 Portionum
526 1192 547 1226 ,
609 1141 1038 1209 Abbatiarum
1054 1191 1075 1224 ,
1130 1150 1197 1206 et
1247 1139 1662 1210 Prioratuum
1710 1143 2170 1226 cujuscumque
2235 1141 2526 1228 Ordinis,

116 1241 321 1306 etiam
341 1241 713 1328 Regularis,
752 1240 1215 1330 Hospitalium,
1260 1262 1426 1326 quae
1450 1241 1700 1308 ‚dantur
1737 1240 1810 1306 in
1851 1241 2130 1324 titulum,
2171 1244 2280 1308 v'el
2319 1241 2522 1308 admi-—

116 1341 593 1424 nistrationem,
629 1351 695 1405 et
726 1341 1209 1410 Beneficiorum
1238 1363 1814 1428 quorumcumque,
1857 1341 2052 1408 etiam
2075 1341 2526 1428 Regularium,

118 1441 322 1506 etiam
362 1440 411 1508 J
412 1440 921 1529 urispatronatus
935 1490 958 1525 ,
1024 1440 1217 1508 etiam
1262 1449 1718 1529 exemptarum
1741 1490 1762 1525 ,
1805 1441 2002 1509 etiam
2043 1442 2284 1508 nullius
2324 1442 2524 1510 Dioc-

119 1540 315 1625 cesis,
342 1540 467 1606 ,vel
508 1540 647 1606 aliis
690 1539 1025 1626 Ecclesiis,
1067 1541 1477 1608 Monasteriis
1495 1592 1516 1625 ,
1553 1541 2008 1630 Hospitalibus
2030 1591 2051 1625 ,
2097 1550 2166 1606 et
2205 1541 2350 1606 aliis
2391 1543 2530 1627 qui-

121 1641 356 1709 busvis
396 1639 591 1707 Locis
626 1641 775 1730 piis,
814 1642 1011 1714 etiam
1052 1641 1373 1729 exemptis
1398 1692 1421 1726 ,
1450 1653 1870 1710 'annexorum
1888 1693 1907 1725 ,
1961 1665 2038 1708 ac
2075 1663 2530 1728 quorumcum-

122 1764 255 1830 que
300 1741 579 1808 aliorum
633 1741 1241 1810 Ecclesiasticorum
1282 1739 1658 1810 reddituum
1686 1793 1706 1827 ,
1755 1764 1886 1808 seu
1954 1752 2388 1832 proventuum
2445 1742 2530 1808 ad

120 1841 441 1908 Fabricas
456 1839 921 1928 Ecclesiarum,
962 1841 1567 1927 confraternitates,
1610 1851 1674 1908 et
1703 1841 2101 1910 Monasteria
2139 1843 2376 1926 omnia,
2395 1860 2530 1910 non

124 1953 353 2008 tamen
376 1941 909 2027 Mendicantium,
946 1941 1435 2031 pertinentium,
1476 1965 1735 2012 necnon
1759 1944 2184 2014 Dec-imarum
2227 1965 2531 2029 quacum·

126 2063 259 2128 que
305 2041 553 2108 ratione
596 2041 681 2108 ad
722 2041 977 2126 Laicos,
1016 2053 1211 2129 atque
1254 2043 1450 2110 etiam
1469 2043 1714 2110 Milites
1757 2047 2222 2130 cujuscumque
2241 2043 2536 2126 Militiae,

126 2153 240 2208 aut
260 2141 553 2228 Ordinis,
594 2143 1191 2230 Hierosolymitane
1239 2153 1541 2232 excepto,
1581 2145 2032 2232 spectantium,
2073 2169 2192 2234 pro
2241 2145 2534 2231 ejusdem

132 2241 489 2309 Seminarii
530 2244 1049 2310 manutentione:
1086 2244 1293 2312 Prout
1336 2245 1530 2310 etiam
1575 2246 1656 2310 ab
1691 2245 1953 2329 unione,
1991 2256 2058 2310 et
2103 2245 2536 2333 applicatione

130 2343 384 2428 aliquot
426 2343 911 2410 Beneficiorum
954 2345 1379 2432 simplicium;
1434 2367 1692 2414 necnon
1733 2369 1772 2410 a
1811 2344 2116 2412 Decretis
2152 2344 2538 2431 cogentibus

132 2465 270 2526 eos,
316 2443 426 2530 qui
466 2441 941 2512 Scholasterias
986 2445 1303 2528 obtinent,
1337 2446 1449 2510 vel
1487 2445 1720 2531 quibus
1763 2444 2084 2529 lectionis,
2125 2444 2238 2510 vel
2273 2445 2532 2510 Doctri-

132 2565 257 2610 nae
302 2566 541 2610 munus
582 2553 682 2610 est
718 2567 1066 2632 annexum,
1106 2545 1191 2610 ad
1238 2545 1605 2613 docendum
1633 2567 1754 2636 per
1793 2567 1864 2610 se
1899 2544 2100 2632 ipsos,
2133 2544 2242 2609 vel
2264 2544 2540 2612 idoneos

136 2642 575 2730 Substitutos3
638 2656 705 2710 et
761 2646 1161 2732 generaliter
1198 2669 1237 2710 a
1278 2645 1600 2712 Mandatis
1612 2697 1632 2731 ,
1687 2656 1753 2710 et
1795 2643 2270 2732 provisionibus
2285 2693 2306 2726 ,
2373 2665 2542 2730 quae

136 2765 401 2830 quoquo
442 2743 639 2810 modo
681 2746 1043 2833 respiciunt
1087 2746 1331 2813 Curam
1346 2797 1366 2832 ,
1406 2745 1840 2812 directionem
1853 2795 1884 2829 ‚¹
1929 2755 1996 2810 et
2039 2743 2538 2812 administratio·

134 2865 293 2910 nem
339 2844 705 2928 Seminarii,
748 2846 1141 2934 plenamque
1186 2845 1696 2930 exequutionem
1737 2844 2011 2912 Decreti
2052 2843 2212 2910 editi
2254 2870 2295 2911 a
2335 2843 2540 2912 Sacro

138 2943 439 3010 Concilio
485 2967 683 3032 super
721 2943 1023 3031 Collegio
1068 2947 1433 3014 Puerorum
1474 2945 1545 3010 in
1581 2945 1858 3032 singulis
1903 2943 2404 3015 cathedralibus
2445 2945 2542 3011 in-

134 3043 493 3128 stituendo,
533 3065 693 3112 sess.
744 3046 843 3112 13.
888 3044 971 3110 de
1008 3045 1295 3112 Reform.
1338 3068 1479 3133 cap.
1533 3046 1630 3112 18.

308 3145 369 3224 ξ.
415 3143 516 3209 35.
601 3143 771 3210 Item
815 3168 853 3210 a
896 3143 1219 3213 Mandatis
1246 3197 1267 3230 ,
1307 3166 1425 3211 seu
1464 3145 1772 3212 Decretis
1813 3145 2194 3230 cogentibus
2241 3142 2539 3212 Oecono-

138 3267 306 3327 mos,
352 3242 653 3310 Vicarios
700 3243 1127 3332 Capitulares,
1176 3245 1261 3310 ad
1298 3245 1704 3312 reddendam
1745 3243 2064 3310 rationem
2107 3243 2542 3312 Administra-

139 3343 341 3408 tionis
388 3364 509 3430 per
550 3364 660 3408 eos
698 3353 925 3428 gestae
970 3340 1149 3410 Sede
1192 3343 1568 3432 Episcopali
1624 3353 1896 3410 vacante
1917 3393 1940 3427 ,
1995 3346 2188 3428 juxta
2229 3344 2544 3431 praescri-

142 3453 331 3531 ptum
372 3440 563 3510 Sacri
604 3442 885 3510 Concilii
926 3466 1084 3512 sess.
1128 3444 1231 3512 24.
1276 3444 1359 3513 de
1398 3445 1688 3516 Reform.
1733 3467 1873 3531 cap.
1920 3444 2016 3509 16.

312 3547 375 3626 ἕ.
412 3543 514 3610 36.
597 3544 769 3613 Item
810 3567 849 3608 a
889 3543 1389 3612 comminatione
1450 3543 2138 3612 excommunicationis
2175 3567 2218 3608 a
2251 3542 2418 3610 Jure
2455 3542 2546 3608 la-

142 3658 277 3732 tae,
318 3654 388 3709 et
431 3668 468 3708 a
497 3642 837 3711 Sententia
880 3644 1574 3710 excommunicationis
1611 3643 1783 3710 latae
1825 3645 1906 3710 ab
1947 3642 2231 3728 homine,
2273 3663 2548 3731 suspen·

141 3745 373 3828 sionis,
402 3753 484 3824 ‘et
520 3744 895 3828 interdicti,
938 3745 1065 3810 nisi
1115 3745 1467 3832 appellatio
1523 3744 1720 3812 fuerit
1771 3743 2154 3832 interposita
2195 3765 2280 3811 ex
2333 3743 2548 3831 capite

143 3843 511 3912 nullitatis:
580 3843 667 3910 Et
729 3867 765 3910 e
823 3867 1139 3912 converso
1192 3869 1231 3910 a
1284 3843 1632 3912 Sententia
1686 3843 2110 3912 absolutionis
2168 3845 2254 3910 ab
2305 3843 2556 3910 eisdem

146 3943 469 4014 Censuris
507 3943 1004 4012 Ecclesiasticis.

321 4046 383 4126 ξ.
425 4043 526 4112 37.
599 4044 687 4110 Et
724 4046 1124 4130 generaliter
1164 4046 1244 4111 ab
1290 4046 1730 4132 exequutione
1775 4046 2054 4112 aliorum
2099 4063 2554 4130 quorumcum-

150 4166 285 4232 que
322 4143 765 4212 Decretorum
822 4145 981 4212 dicti
1026 4145 1215 4215 Sacri
1254 4145 1538 4214 Concilii
1595 4145 1983 4230 Tridentini,
2023 4145 2368 4234 Episcopis
2388 4193 2408 4229 ,
2465 4155 2555 4210 at·

152 4265 284 4332 que
334 4242 703 4312 Ordinariis
744 4246 1041 4313 locorum
1086 4247 1477 4314 demandata
1520 4249 1602 4312 ab
1637 4247 1784 4334 ipso
1820 4246 2140 4332 ConciliO,
2177 4258 2244 4312 et
2282 4246 2352 4314 in
2383 4245 2557 4313 Con·

150 4345 493 4414 stitutione
538 4345 651 4412 fel.
690 4369 825 4414 rec.
870 4347 975 4413 Pii
1006 4346 1227 4435 Papae
1250 4347 1370 4414 IV.
1414 4369 1582 4434 quae
1627 4347 1886 4434 incipit:
1925 4346 2328 4412 Benedictus
2349 4346 2554 4414 Deus.

328 4448 389 4530 ξ.
434 4446 539 4512 38.
624 4445 947 4520 Volumus
964 4498 985 4534 ,
1026 4446 1461 4536 praecipimus
1476 4485 1518 4532 ,·
1537 4457 1607 4514 et
1650 4445 2049 4531 mandamus,
2093 4446 2268 4533 quod
2305 4446 2391 4511 ab
2433 4445 2562 4512 Ar-
