2959 4984
396 331 465 383 12
663 326 757 383 IV.
817 326 920 380 Ex
955 326 1178 381 LIBRO
1212 326 1491 382 DIURNO
1528 326 1999 385 ROMANORUM
2032 284 2493 385 PoN'rlFIcUM.

403 499 853 589 comparabilis
894 507 1086 582 atque
1131 498 1517 563 indeficiens
1546 500 1675 564 Dei
1718 500 1921 564 nostri
1963 500 2373 589 providentia
2408 502 2814 567 destinatum

399 604 730 684 habuerat,
775 599 1100 685 quomodo
1139 622 1274 665 non
1305 606 1372 664 et
1399 600 1695 667 humanis
1742 603 2067 669 mentibus
2114 604 2524 669 consonantia
2564 625 2812 668 conve-

398 703 620 768 niret?
695 702 888 786 Quod
939 701 1167 789 procul
1215 701 1411 766 dubio
1451 702 1521 766 in
1550 703 1681 768 Dei
1724 703 2088 790 praesentia
2128 706 2464 769 tenebatur
2486 703 2811 768 adfixum.

567 802 766 869 Cuius
825 812 892 867 et
935 802 1269 867 decretum
1322 802 1701 867 solemniter
1758 804 2104 885 facientes,
2182 813 2248 868 et
2290 803 2614 868 desideria
2662 826 2813 868 cor-

401 906 579 969 dium
597 953 617 985 ,
692 904 858 967 circa
902 903 1039 967 eius
1085 902 1507 991 electionem,
1572 926 1876 968 manuum
1946 903 2519 991 subscriptionibus
2564 904 2812 968 confir-

405 1012 698 1085 mantes,
761 1024 881 1089 per
942 1001 1170 1067 harum
1231 1003 1472 1068 latores
1514 1003 1619 1067 Ill.
1682 1004 2151 1069 sanctissimum
2199 1002 2629 1091 Episcopum,
2696 1004 2812 1068 Ill.

399 1103 838 1168 venerabilem
878 1100 1365 1187 Presbyterum,
1409 1102 1519 1167 Ill.
1550 1102 1891 1169 Notarium
1934 1102 2419 1189 Regionarium,
2460 1102 2563 1167 Ill.
2609 1103 2813 1167 adae-

395 1224 521 1288 que
545 1200 1032 1268 Subdiaeonum
1057 1202 1545 1287 Regionarium,
1596 1204 1701 1267 Ill.
1748 1212 1814 1267 et
1852 1204 1956 1268 Ill.
1980 1204 2197 1286 Viros,
2249 1203 2557 1268 honestos
2604 1203 2815 1285 cives,

285 1375 291 1381 ,
391 1313 457 1367 et
505 1303 586 1367 de
637 1302 1096 1367 florentissimo
1148 1310 1339 1385 atque
1385 1302 1765 1368 felicissimo
1798 1304 2089 1370 Romano
2136 1304 2445 1386 exercitu,
2490 1303 2596 1369 111.
2645 1306 2813 1369 emi·

393 1402 856 1467 nentissimum
905 1398 1298 1483 Consulem,
1354 1424 1470 1465 seu
1510 1403 1614 1467 Ill.
1660 1413 1725 1467 et
1760 1404 1865 1468 Ill.
1908 1404 2081 1471 viros
2142 1394 2523 1491 magnificos
2566 1402 2815 1471 Tribu-

393 1518 509 1568 nos
569 1501 832 1565 militiae
896 1501 1295 1569 confamulos
1337 1510 1609 1567 'nostros
1664 1491 2063 1587 direximus,
2128 1504 2562 1591 supplicantes
2606 1512 2816 1589 atque

396 1601 822 1667 communiter
861 1601 1335 1687 impensissime
1379 1612 1725 1666 exorantes
1746 1652 1765 1685 ,
1808 1627 1847 1668 a
1890 1604 2041 1669 Deo
2089 1604 2565 1669 conservandae
2610 1628 2815 1692 prae·

403 1701 743 1768 cellentiae
792 1710 1048 1765 vestrae
1093 1710 1464 1766 consuetam
1510 1702 1861 1768 bonitatem
1885 1753 1904 1787 ,
1971 1704 2096 1793 piis
2150 1704 2317 1769 votis
2380 1724 2813 1770 concurrere:

399 1803 548 1889 quia
607 1800 780 1865 talis·
811 1824 849 1864 a
893 1808 1112 1865 nostro
1170 1802 1480 1867 famulatu
1539 1804 1945 1869 concorditer
2008 1804 2251 1869 electus
2312 1813 2443 1886 est,
2510 1804 2581 1867 in
2650 1826 2815 1889 quc,

400 1910 706 1995 quantum
750 1900 832 1965 ad
876 1901 1209 1966 hominum
1257 1902 1599 1967 scientiam
1644 1903 1940 1993 respicit,
1999 1903 2239 1969 nullius
2281 1904 2528 1968 macula
2570 1926 2813 1993 repre-

402 2002 734 2067 hensionis
780 2001 1133 2089 apparebit.

566 2102 654 2167 Et
697 2101 846 2165 ideo
912 2101 1346 2190 supplicantes
1389 2124 1811 2187 quaesumuS,
1874 2110 1947 2167 ut
1984 2104 2339 2191 inspirante
2379 2104 2529 2169 Deo
2588 2104 2817 2169 celsae

399 2204 538 2269 eius
583 2201 1023 2285 dominationi,
1067 2222 1186 2266 nos
1229 2202 1506 2267 famulos
1550 2203 1684 2267 voti
1726 2213 2058 2291 compotes
2089 2204 2390 2269 celeriter
2432 2202 2577 2267 fieri
2614 2224 2815 2291 prae-

401 2304 625 2390 cipiat:
668 2302 1050 2391 praesertim
1100 2324 1244 2365 cum
1281 2303 1469 2388 plura
1517 2302 1645 2367 sint
1684 2304 2000 2391 capitula,
2050 2312 2114 2368 et
2156 2304 2279 2368 alia
2326 2324 2412 2367 ex
2453 2302 2594 2367 aliis
2645 2324 2815 2388 quo-

401 2404 558 2468 tidie
586 2411 1032 2491 procreentur,
1079 2423 1241 2487 quae
1278 2422 1468 2467 curae
1505 2402 1981 2467 solicitudinem
2022 2412 2089 2468 et
2122 2402 2520 2468 Pontificalis
2558 2402 2815 2468 favoris

407 2512 754 2591 expectant
796 2503 1177 2568 remedium.
1245 2502 1689 2567 Provinciales
1734 2525 1893 2568 vero
1940 2526 2161 2587 curae,
2200 2504 2309 2568 vel
2354 2524 2813 2588 quaecumque

406 2613 555 2668 sunt
597 2604 869 2669 subinde
915 2626 1247 2668 causarum
1291 2603 1635 2685 utilitates,
1678 2604 2012 2690 perfectae
2056 2603 2408 2669 autoritatis
2452 2623 2808 2669 censuram

403 2712 766 2791 expectant.
855 2702 1439 2789 Propinquantium
1484 2723 1741 2786 quoque
1782 2704 2188 2785 inimicorum
2232 2703 2564 2785 ferocitaS,
2608 2724 2815 2789 quam

400 2804 526 2867 nisi
570 2803 710 2867 sola
752 2802 882 2867 Dei
926 2810 1119 2885 atque
1161 2801 1634 2888 Apostolorum
1676 2802 1997 2891 Principis
2044 2826 2165 2892 per
2215 2826 2403 2868 suum
2446 2803 2814 2889 vicarium,

407 2906 535 2969 hoc
577 2914 695 2986 est,
739 2904 1067 2969 Romanae
1115 2901 1294 2966 urbis
1315 2901 1720 2985 Pontificem,
1764 2903 1968 2968 virtus
2014 2903 2359 2989 aliquando
2398 2924 2559 2967 vero
2602 2904 2820 2969 flectit

407 3014 472 3070 et
525 3005 879 3090 morigerat
937 3004 1194 3067 hortatu
1215 3051 1234 3083 ,
1301 3002 1614 3087 singulari
1659 3002 2027 3069 interventu
2068 3004 2326 3089 indiget
2344 3053 2363 3086 ,
2428 3026 2574 3068 cum
2614 3004 2819 3071 huius

405 3105 603 3171 solius
644 3102 1128 3169 Pontificalibus
1171 3102 1451 3184 monitiS,
1498 3104 1579 3167 ob
1622 3103 2055 3167 reverentiam
2101 3103 2574 3190 Apostolorum
2612 3104 2811 3170 Prin-

407 3206 586 3293 cipis,
630 3204 988 3292 parentiam
1031 3204 1306 3267 offerant
1346 3202 1806 3284 voluntariam,
1858 3212 1923 3267 et
1966 3224 2125 3288 quos
2168 3226 2302 3267 non
2343 3204 2546 3269 virtus
2588 3228 2811 3271 armo-

406 3328 550 3369 rum
591 3304 904 3385 humiliat,
945 3302 1331 3390 pontificalis
1367 3302 1723 3389 increpatio
1763 3326 1908 3367 cum
1952 3305 2401 3369 observatione
2437 3303 2729 3369 inclinat.

577 3402 744 3469 Cum
783 3403 946 3467 haec
981 3402 1072 3467 ita
1115 3401 1276 3485 sint,
1334 3401 1571 3467 iterum
1626 3411 1817 3487 atque
1872 3402 2108 3467 iterum
2150 3403 2542 3490 impensiUS,
2611 3427 2811 3491 prae—

414 3503 607 3585 celse,
653 3512 718 3567 et
755 3526 793 3567 a
832 3502 980 3567 Deo
1027 3511 1282 3567 servate
1324 3502 1631 3584 Domine,
1676 3502 2145 3590 supplicamus„
2186 3512 2260 3568 ut
2298 3504 2607 3586 celerius,
2654 3505 2815 3571 Deo

407 3612 754 3699 operante,
795 3602 1160 3686 vestrisque
1201 3602 1599 3689 praecordiis
1636 3602 2028 3691 inspirante,
2088 3603 2535 3693 Apostolicam
2577 3604 2817 3671 sedem

401 3704 485 3768 de
543 3703 833 3791 perfecta
897 3702 1192 3767 eiusdem
1257 3702 1462 3766 nostri
1526 3701 1734 3766 Patris
1802 3712 1995 3786 atque
2056 3702 2342 3768 Pastoris
2396 3704 2813 3772 ordinatione

396 3805 711 3870 adornare
754 3801 1167 3891 praecipiatis
1193 3851 1212 3883 ,
1272 3810 1501 3889 utpote
1564 3824 1685 3889 per
1745 3802 2020 3888 gratiam
2066 3801 2308 3868 Christi
2371 3803 2815 3871 ministerium

399 3903 765 3992 Imperialis
809 3901 1052 3987 fastigii
1091 3900 1370 3965 feliciter
1415 3910 1613 3986 atque
1662 3902 1945 3967 fideliter
1984 3912 2423 3991 peragentes:
2484 3913 2815 3989 quatenus

414 4011 480 4068 et
517 4026 637 4067 nos
681 4000 904 4087 exigui
947 4000 1169 4065 famuli
1213 4000 1607 4065 desiderium
1663 4011 1954 4067 nostrum
1998 4002 2309 4069 maturius
2366 4005 2621 4091 expleri
2670 4028 2819 4073 cer-

399 4112 654 4187 nenteS,
697 4102 1109 4171 incessabiles
1154 4102 1302 4166 Deo
1351 4110 1416 4165 et
1458 4102 1792 4189 Imperiali
1838 4102 2242 4186 clementiae,
2288 4112 2479 4189 atque
2530 4105 2821 4173 eximiae

405 4226 481 4269 ac
523 4204 670 4268 Deo
727 4202 1000 4289 placitae
1043 4201 1487 4267 Dominationi
1542 4211 1797 4267 vestrae
1856 4204 2207 4293 gratiarum
2266 4204 2549 4269 actiones
2592 4207 2821 4273 valea·-

404 4324 546 4368 mus
593 4296 1069 4384 exsolvere,'et
1111 4323 1255 4367 cum
1299 4312 1597 4390 promoto
1624 4302 2042 4391 Apostolicae
2078 4303 2257 4368 sedis
2300 4303 2637 4386 Pontifice,
2678 4308 2821 4395 spi-

404 4403 574 4469 ritali
615 4412 836 4467 nostro
881 4402 1135 4468 Pastori
1191 4402 1380 4489 iuges
1430 4424 1661 4491 preces
1707 4402 2045 4467 effundere
2107 4425 2229 4490 pro
2287 4402 2418 4467 vita
2472 4412 2667 4491 atque
2710 4406 2819 4472 in-

409 4503 798 4587 columitate,
840 4502 1278 4593 perfectisque
1323 4502 1611 4569 victoriis
1655 4503 2339 4589 tranquillissimorum
2362 4512 2573 4589 atque
2614 4503 2823 4573 Chri·-
