2959 4984
384 267 678 320 LXXXIX.
752 265 1157 320 ENGYGLIOA
1194 266 1293 318 DE
1327 265 1592 320 DIEBUS
1623 263 1870 320 FESTIS
1905 265 1967 319 A.
2005 260 2168 318 1858.
2373 266 2482 322 573

57 441 161 498 tes
178 483 201 518 ,
276 453 368 498 ex
414 429 793 516 hujusmodi
834 429 1402 518 praetermissione
1446 427 1678 494 fideles
1720 428 1988 494 illorum
2027 429 2322 498 locorum
2365 455 2479 522 po·

60 536 273 623 pulos
318 531 619 600 maximis
668 530 1107 618 spiritualibus
1152 530 1467 596 fructibus
1509 529 1769 616 privari,
1813 529 1974 594 tanti
2015 532 2328 598 momenti
2369 555 2480 599 ne-

58 635 263 722 gotio
308 653 655 698 occurrere
697 630 1055 713 statuimus,
1100 652 1242 695 cum
1282 628 1670 718 praesertim
1705 651 2065 713 noscamus,
2102 631 2270 696 hanc
2296 633 2480 722 Apo·

61 736 381 800 stolicam
424 730 673 802 Sedem
714 729 1045 813 docuisse,
1096 729 1413 820 parochos
1458 729 1690 795 diebus
1730 728 1910 794 festis
1957 730 2152 796 etiam
2189 732 2478 798 reductis

62 836 324 901 debere
372 831 653 900 Sacrum
694 853 816 920 pro
856 831 1103 920 populo
1149 831 1504 896 celebrare.
1546 829 1633 894 Et
1669 824 1828 895 ¹sane
1873 830 2164 916 quamvis
2205 831 2482 898 Romani

58 935 436 1003 Pontifices
476 934 879 1001 Deeessores
928 929 1156 997 Nostri
1210 928 1422 994 enixis
1470 929 1822 998 Sacrorum
1865 928 2250 996 Antistitum
2315 933 2482 1020 peti-

58 1036 363 1100 tionibus
418 1055 493 1098 ae
546 1031 743 1096 variis
801 1029 1225 1118 pluribusque
1280 1028 1577 1094 fidelium
1634 1028 2028 1117 populorum
2071 1054 2146 1097 ac
2187 1031 2482 1100 locorum

62 1134 438 1200 rationibus
486 1131 771 1220 permoti
833 1130 1033 1195 festos
1092 1129 1175 1195 de
1234 1137 1584 1218 praecepto
1632 1129 1771 1196 dies
1813 1129 2290 1198 imminuendos
2334 1154 2482 1198 cen-

64 1235 331 1300 suerint
352 1281 373 1316 ,
437 1257 515 1298 ac
552 1231 745 1296 simul
781 1229 1068 1315 benigne
1112 1229 1587 1312 concesserint,
1649 1239 1722 1294 ut
1761 1229 1990 1318 populi
2028 1231 2208 1298 hisce
2253 1231 2480 1299 diebus

69 1333 350 1400 servilia
394 1353 593 1420 opera
633 1331 842 1399 libere
886 1339 1301 1414 exercerent,
1354 1331 1514 1416 quin
1557 1327 1832 1396 Sacrum
1873 1331 2102 1396 audire
2146 1331 2482 1418 deberent,

64 1444 301 1500 tamen
357 1433 559 1498 iidem
616 1433 1085 1498 Praecessores
1130 1429 1359 1499 Nostri
1424 1430 1496 1496 in
1550 1430 1730 1497 hisee
1777 1431 2060 1498 Indultis
2120 1432 2482 1500 tribuendis

65 1536 411 1620 integram
450 1530 953 1616 inviolatamque
996 1531 1217 1616 legem
1261 1551 1405 1596 esse
1447 1531 1831 1616 voluerunt,
1876 1540 1950 1596 ut
1993 1531 2245 1598 scilicet
2289 1555 2478 1622 prae-

68 1634 268 1700 dietis
318 1633 549 1714 diebus
588 1631 754 1699 nihil
795 1631 865 1697 in
902 1630 1215 1698 Ecclesiis
1258 1652 1544 1718 unquam
1579 1631 2031 1715 innovaretur,
2076 1633 2290 1716 quoad
2334 1656 2482 1701 con-

68 1745 345 1801 suetum
387 1733 755 1799 divinorum
796 1731 1163 1799 officiorum
1206 1729 1506 1798 ordinem
1549 1741 1614 1796 et
1657 1732 1874 1814 ritum,
1916 1741 2118 1817 utque
2161 1735 2375 1802 omnia
2403 1755 2483 1800 eo

71 1858 357 1924 prorsus
394 1834 589 1908 modo
619 1841 1092 1920 peragerentur
1120 1853 1246 1916 quo
1278 1842 1469 1900 antea
1493 1831 1724 1920 peragi
1748 1832 2064 1917 solebant,
2109 1856 2256 1899 cum
2285 1855 2483 1902 enun-

72 1937 247 2002 ciata
284 1934 547 2004 Urbani
586 1932 759 2001 VIII
800 1929 1189 1998 Constitutio
1233 1933 1429 2020 plene
1471 1933 1750 2019 vigeret,
1797 1954 1924 2018 qua
1969 1933 2120 1998 festi
2167 1933 2249 1998 de
2290 1955 2494 2022 prae--

72 2047 275 2124 cepto
339 2034 477 2101 dies
522 2031 827 2100 servandi
866 2032 1123 2098 fuerant
1168 2033 1574 2120 praescripti.
1661 2031 1770 2098 Ex
1813 2054 1942 2118 quo
1984 2034 2254 2120 parochi
2291 2035 2482 2100 facile

68 2135 461 2222 intelligere
516 2141 855 2220 poterant,
912 2154 986 2198 se
1040 2132 1171 2200 illis
1228 2132 1455 2200 diebus
1511 2133 1778 2198 minime
1821 2134 2164 2221 expeditos
2211 2156 2356 2200 esse
2399 2137 2480 2201 ab

75 2236 492 2322 obligatione
536 2233 905 2323 applicandi
946 2255 1067 2320 pro
1110 2233 1356 2320 populo
1399 2231 1688 2312 Missam,
1739 2254 1902 2318 quae
1945 2234 2279 2320 potissima
2319 2234 2480 2302 ritus

72 2360 234 2425 pars
294 2343 395 2401 est
413 2383 433 2418 ,
492 2335 707 2400 animo
771 2333 1159 2420 praesertim
1212 2341 1588 2420 reputantes
1635 2331 1978 2400 Pontificia
2019 2333 2360 2421 Rescripta
2403 2355 2482 2400 eo

72 2438 305 2524 plane,
350 2457 543 2522 quem
565 2455 722 2522 prae
748 2455 821 2499 se
854 2434 1093 2518 ferunt,
1135 2455 1329 2499 sensu
1360 2455 1508 2500 esse
1539 2434 1800 2499 omnino
1834 2433 2233 2520 aecipienda,
2276 2443 2342 2498 et
2369 2434 2484 2500 illa

74 2534 533 2603 strictissimae
568 2556 712 2600 esse
752 2534 1325 2620 interpretationis.
1368 2533 1649 2617 Accedit
1693 2532 1888 2600 etiam
1925 2542 1999 2599 ut
2039 2533 2203 2598 haee
2239 2531 2484 2600 Sancta

75 2636 301 2706 Sedes
342 2633 423 2700 in.
453 2634 749 2722 plurimis
793 2633 1227 2719 peculiaribus
1262 2632 1512 2700 casibus
1545 2633 1627 2698 de
1654 2632 2026 2699 huiusmodi
2052 2632 2486 2719 parochorum

74 2757 289 2803 onere
348 2734 641 2801 consulta
678 2735 851 2802 haud
894 2736 1185 2803 omiserit
1225 2758 1345 2824 per
1386 2758 1536 2801 suas
1577 2735 1962 2824 praesertim
2005 2735 2482 2822 Congregatio-

68 2859 201 2902 nes
244 2835 385 2902 sive
410 2835 711 2920 Concilii,
752 2834 887 2900 sive
912 2834 1103 2900 Fidei
1146 2835 1628 2923 propagandae,
1668 2835 1807 2902 sive
1837 2858 2166 2903 sacrorum
2192 2835 2480 2920 Rituum,

72 2937 219 3003 sive
258 2934 454 3000 etiam
489 2956 613 3021 per
640 2934 906 3004 Sacram
932 2933 1508 3002 Poenitentiariam
1551 2935 1926 3024 saepissime
1967 2936 2370 3024 respondere
2413 2945 2482 3002 et

76 3036 369 3120 edicere,
404 3035 721 3122 parochos
766 3036 983 3102 eidem
1026 3036 1209 3102 oneri
1252 3057 1397 3102 esse
1440 3036 1762 3104 obnoxios
1803 3036 2174 3128 applicandi
2214 3059 2336 3124 pro
2369 3059 2483 3126 po-

72 3139 241 3228 pulo
284 3135 553 3203 Missam
600 3137 733 3202 illis
776 3136 972 3203 etiam
1020 3135 1283 3220 diebus,
1350 3137 1461 3223 qui
1509 3137 1593 3202 de
1645 3136 1958 3204 festorum
2003 3159 2090 3202 ex
2128 3146 2481 3224 praecepto

76 3239 347 3304 dierum
386 3257 657 3304 numero
704 3237 965 3302 fuerant
1004 3237 1259 3302 sublati.

248 3337 479 3424 Itaque
520 3339 717 3404 rebus
766 3336 1063 3402 omnibus
1104 3344 1353 3401 maturo
1398 3335 1698 3400 examine
1744 3335 2121 3423 perpensis,
2182 3345 2374 3421 atque
2415 3337 2486 3402 in

74 3437 429 3506 consilium
485 3437 789 3504 adhibitis
852 3437 1183 3503 nonnullis
1238 3434 1744 3502 Venerabilibus
1803 3435 2143 3502 Fratribus
2203 3435 2482 3505 Nostris.

74 3537 157 3606 S.
200 3538 283 3604 R.
327 3538 404 3604 E.
470 3537 921 3606 Cardinalibus
978 3535 1259 3604 Nostrae
1306 3534 1858 3622 Congregationis
1901 3535 2302 3603 Tridentinis
2343 3536 2480 3602 De-

74 3638 283 3705 cretis
324 3638 604 3720 tuendis,
640 3637 1275 3725 interpretandisque
1317 3637 1745 3725 praepositae,
1783 3637 1954 3702 hanc
1992 3635 2222 3717 Vobis,
2261 3635 2480 3702 Vene-

74 3739 328 3806 rabiles
371 3739 639 3829 Fratres
656 3791 677 3825 ,
725 3737 1144 3824 Encyclicam
1184 3736 1546 3826 Epistolam
1588 3736 1999 3802 scribendam
2045 3756 2187 3802 esse
2235 3737 2482 3802 censui-

74 3863 269 3923 mus,
330 3849 403 3904 ut
446 3849 687 3906 certam
732 3849 799 3904 et
840 3847 1247 3906 constantem
1280 3859 1578 3902 normam
1623 3837 1976 3924 legemque
2019 3837 2478 3904 constituamus

75 3942 166 4005 ab
210 3939 507 4004 omnibus
556 3939 856 4028 parochis
894 3939 1145 4016 sedu10,
1193 3936 1675 4024 diligenterque
1707 3937 2195 4004 observandam.
2241 3938 2480 4020 Quam-

76 4040 314 4104 obrem
371 4039 553 4106 hisce
598 4038 868 4106 Litteris
930 4038 1333 4107 declaramus
1350 4089 1371 4123 ,
1441 4037 1774 4105 statuimus
1815 4047 2009 4123 atque
2052 4037 2483 4122 decernimus,

76 4138 428 4229 parochos,
476 4137 767 4225 aliosque
812 4161 1035 4206 omnes
1074 4139 1439 4204 animarum
1481 4161 1700 4204 curam
1741 4147 1888 4204 actu
1926 4147 2234 4224 gerentes
2270 4159 2480 4204 sacro-

78 4247 384 4306 sanctum
402 4237 644 4304 Missae
682 4239 1069 4306 sacrificium
1099 4260 1219 4326 pro
1246 4238 1492 4328 populo
1515 4238 1642 4304 sibi
1667 4237 2006 4304 commisso
2035 4238 2386 4318 celebrare,
2414 4245 2480 4302 et

82 4339 423 4428 applicare
466 4338 708 4405 debere
752 4349 893 4404 tum
938 4339 1232 4406 omnibus
1260 4338 1622 4422 dominieiS,
1671 4339 1944 4424 aliisque
1971 4337 2219 4421 diebus,
2263 4335 2484 4426 quiex

75 4448 445 4532 praecepto
462 4437 675 4504 adhuc
694 4449 1055 4525 servantur,
1068 4449 1211 4504 tum
1224 4438 1355 4504 illis
1378 4439 1594 4524 etiam,
1613 4438 1826 4524 quiex
1845 4438 2038 4525 hujus
2057 4436 2479 4530 Apostolicae
