2959 4984
361 291 452 348 IV.
522 289 628 344 Ex
659 290 882 347 LIBRO
915 289 1196 349 DIURNO
1229 291 1701 350 ROMANORUM
1742 293 2208 351 PONTIFIGUM.
2440 298 2471 350 7

113 461 364 526 deiectus
386 509 410 542 ‚
472 467 744 529 eruenta
797 459 1258 526 adinventione
1315 461 1505 526 bonis
1566 461 1873 548 operibus
1916 483 2178 550 semper
2216 464 2484 530 obviare

112 559 462 646 pervigilat3
535 559 807 647 insuper
849 559 1044 626 etiam
1081 559 1318 626 inferat
1359 561 1627 626 socianfi
1672 581 1932 646 quoque
1976 571 2107 628 tam
2142 563 2211 628 in
2256 585 2475 652 perse-

112 660 334 726 cutione
389 683 580 745 quam
635 661 706 726 in
751 659 1094 726 exactione
1147 660 1577 728 sacratissimo
1622 661 1780 728 fisco
1801 710 1822 745 ‚
1886 663 1997 728 vel
2054 673 2273 730 sancto
2320 664 2475 754 Epi-

111 783 281 848 scopo
317 759 653 827 Ecclesiae
695 760 899 849 ipsius
939 760 1078 826 auri
1130 760 1326 828 libras
1375 771 1681 845 centum;
1744 771 1812 828 et
1854 761 2269 830 nihilominus
2314 765 2477 832 haec

109 881 388 946 praesens
432 859 710 947 epistola
731 909 750 942 ‚
821 882 990 944 quae
1025 885 1064 929 a
1107 883 1214 926 me
1249 884 1375 949 pro
1415 862 1652 928 timore
1690 863 1823 928 Dei
1870 872 1939 928 et
1974 885 2197 930 amore
2234 887 2477 953 paupe-

109 983 236 1024 rum
275 959 638 1049 conscripta
679 969 779 1025 est
789 1008 812 1042 ,
853 960 1074 1042 firma,
1137 961 1543 1049 incorrupta,
1584 961 1997 1046 intemerata,
2044 964 2477 1052 inviolataque

108 1068 469 1146 permaneat.
557 1059 708 1145 Ego
774 1081 1052 1144 namque
1115 1060 1200 1126 de
1263 1059 1533 1126 conlatis
1592 1083 1669 1126 ac
1728 1060 2025 1148 superius
2084 1063 2477 1150 praenotatis

106 1163 282 1226 rebus
319 1160 534 1226 omnia
571 1159 658 1224 ad
701 1182 922 1227 curam
964 1168 1034 1223 et
1073 1159 1575 1227 sollicitudinem
1614 1169 1727 1226 aut
1766 1160 2217 1228 defensionem
2254 1183 2477 1228 rerum

103 1261 194 1324 vel
229 1259 766 1346 gubernationem
800 1258 1091 1346 ipsorum
1131 1281 1491 1348 pauperum
1532 1269 1751 1326 sancto
1792 1283 1869 1326 ac
1915 1269 2291 1348 praenotato
2332 1263 2471 1328 Do-

105 1383 232 1424 mno
273 1361 384 1426 illo
428 1359 757 1446 Episcopo
800 1359 910 1424 vel
951 1360 1432 1428 successoribus
1481 1361 1659 1442 suis,
1698 1361 1848 1426 Deo
1888 1360 2013 1428 sibi
2055 1369 2219 1428 teste
2237 1410 2258 1443 ,
2300 1384 2470 1428 com-

107 1461 262 1524 mitto
295 1485 311 1542 ;
375 1469 442 1524 et
479 1455 938 1541 instrumenta,
983 1481 1104 1547 per
1145 1459 1322 1544 quod
1365 1482 1474 1526 res
1516 1459 1687 1550 ipsas
1702 1509 1722 1542 ‚
1776 1461 2129 1529 auxiliante
2168 1461 2475 1544 Domino,

105 1581 204 1646 per
263 1579 484 1624 eorum
539 1558 975 1624 sollicitudine
1039 1559 1460 1626 defensentur
1485 1608 1507 1643 ,
1573 1560 2010 1648 superscripto
2054 1560 2317 1626 Domno
2372 1561 2471 1626 illi

107 1659 400 1746 Episcopo
441 1681 600 1746 prae
641 1660 935 1724 manibus
979 1659 1250 1742 tradidi3
1305 1669 1372 1724 et
1403 1661 1675 1744 qualiter
1716 1659 1960 1726 ibidem
2000 1661 2298 1748 provide,
2344 1661 2473 1749 pie,

107 1768 340 1824 rectene
383 1779 570 1824 secus
613 1759 858 1846 egerit,
915 1758 1176 1826 Christo
1223 1759 1509 1826 Domino
1550 1760 1619 1824 in
1662 1781 1732 1824 se
1778 1759 1994 1824 iudice
2032 1771 2477 1846 recognoscat.

109 1858 250 1922 Mihi
288 1868 500 1925 autem
545 1860 708 1926 nihil
749 1860 990 1926 exinde
1049 1860 1462 1948 proprietatis
1507 1860 1761 1924 titulum
1804 1859 2061 1947 penitus
2100 1885 2231 1928 non
2268 1883 2477 1926 reser-

111 1961 273 2024 vavi:
336 1961 484 2046 quia
529 1960 718 2024 facile
761 1959 1112 2024 contemnit
1160 1960 1374 2026 omnia
1421 1959 1535 2044 qui
1574 1959 1753 2045 cupit
1790 1961 1871 2025 ab
1908 1960 2147 2028 inferni
2188 1962 2479 2028 faucibus

113 2067 232 2130 erui
254 2115 273 2148 ,
334 2068 436 2132 vel
481 2067 598 2133 ille
641 2066 750 2152 qui
792 2075 1206 2154 peccatorum
1243 2067 1695 2133 remissionem
1721 2115 1743 2148 ,
1811 2067 1959 2132 Deo
2003 2072 2476 2146 remunerante,

116 2167 450 2252 desiderat,
509 2175 622 2234 aut
665 2167 782 2232 ille
826 2167 936 2250 qui
978 2187 1237 2254 semper
1281 2167 1523 2252 cogitat
1562 2187 1712 2232 eum
1753 2167 1913 2232 velit
1948 2167 2112 2232 nolit
2154 2187 2299 2231 esse
2340 2185 2477 2230 mo-

115 2267 373 2334 riturum.
455 2265 916 2355 Stipulatione.
999 2266 1090 2332 Et
1127 2275 1398 2334 caetera.

89 2587 100 2594 ἢ
201 2501 309 2566 IV.
379 2501 496 2568 Ex
537 2502 762 2567 libro
809 2501 1112 2565 diurno
1156 2499 1704 2566 Romanorum
1750 2497 2370 2586 pontificum*).

1114 2701 1330 2790 Caput
1367 2701 1458 2767 II.

659 2819 768 2884 De
816 2817 1219 2886 ordinatione
1269 2817 1523 2885 Summi
1565 2815 1917 2883 Pontificis.

1108 3001 1366 3068 Titulus
1409 3001 1464 3066 I.

408 3118 696 3184 Nuntius
745 3119 838 3182 ad
883 3117 1268 3188 Exarckum
1321 3117 1398 3182 de
1447 3119 1727 3182 transitu
1768 3113 2129 3198 Pontzflcz‘s.

264 3268 520 3359 Super
539 3270 920 3357 scriptio,
1005 3269 1292 3336 Domino
1343 3267 1917 3350 excellentissimo,
1958 3275 2151 3350 atque
2192 3264 2481 3353 praecel-

123 3366 450 3437 lentissimo
475 3419 497 3454 ,
563 3379 632 3434 et
683 3393 721 3434 a
758 3370 906 3436 Deo
973 3370 1162 3434 nobis
1217 3367 1625 3455 longaeviter
1682 3367 1752 3432 in
1792 3365 2255 3454 principalibus
2300 3363 2484 3428 mini-

125 3470 312 3534 steriis
352 3470 632 3536 feliciter
675 3469 1152 3552 conservande,
1193 3470 1298 3534 Ill.
1335 3467 1712 3550 Exeonsuli‚
1753 3466 2031 3530 Patricio
2072 3472 2139 3530 et
2184 3463 2485 3531 Exarcho

127 3566 326 3634 Italiae
343 3619 363 3652 ‚
396 3571 504 3636 Ill.
547 3569 1126 3656 Archipresbyter‚
1171 3569 1278 3636 ΙΙΙ.
1323 3567 1841 3635 Archidiaconus
1862 3615 1881 3648 ‚
1926 3565 2033 3628 111.
2075 3562 2488 3629 Primicerius

121 3665 532 3752 Notariorum,
579 3677 914 3736 servantes
955 3669 1170 3744 locum
1226 3676 1482 3736 sanctae
1527 3667 1701 3733 sedis
1748 3664 2189 3752 Apostolicae.

271 3769 583 3852 Quamvis
619 3792 750 3840 non
791 3769 932 3838 sine
975 3769 1167 3854 gravi.
1207 3767 1457 3854 gemitu
1503 3776 1573 3832 et
1612 3788 1769 3831 vere
1808 3765 2011 3832 flebili
2049 3785 2231 3845 voce,
2274 3787 2311 3825 a
2338 3761 2488 3826 Deo

129 3877 392 3934 servatae
445 3869 876 3945 excellentiae
921 3868 1192 3949 Domini
1231 3867 1434 3941 nostri
1449 3914 1468 3949 ,
1532 3889 1653 3955 per
1672 3867 1811 3932 ‘has
1854 3874 2107 3934 nostras
2146 3860 2490 3929 innotesci-

131 3985 252 4030 mus
289 3969 565 4034 humiles
607 3970 909 4055 syllabaS,
955 3968 1087 4037 Dei
1127 3967 1388 4050 iudicio,
1431 3968 1611 4034 cuius
1642 3966 2121 4055 dispensatione
2151 3963 2491 4028 universus

132 4065 350 4149 regitur
398 4070 596 4154 orbis,
639 4071 718 4136 ab
763 4070 886 4138 hac
924 4069 1070 4136 luce
1114 4068 1312 4136 fuisse
1353 4070 1751 4135 subtractum
1782 4067 2139 4136 Dominum
2166 4063 2271 4128 Ill.
2316 4083 2493 4127 sanc-

137 4162 422 4236 tissimum
463 4178 758 4239 nostrum
789 4168 1192 4251 Pontificem,
1239 4168 1418 4238 cuius
1467 4168 1677 4234 cuncti
1719 4188 1897 4249 vere,
1942 4172 2009 4232 et
2052 4163 2107 4228 si
2149 4161 2497 4234 dicendum

307 4410 360 4480 ⁸)
395 4409 632 4483 Insignis
671 4411 812 4466 haec
849 4411 1112 4467 collectio
1137 4409 1290 4466 circa
1323 4425 1529 4464 annum
1554 4408 1661 4464 ‘114
1684 4405 1993 4476 composita
2027 4411 2129 4462 est.
2171 4407 2313 4462 Vide
2329 4405 2500 4460 Lehr-

148 4492 266 4550 buch
297 4498 388 4553 des
419 4498 852 4558 Kirohenreehts
887 4501 938 4562 θ.
975 4498 1061 4556 94.
