2959 4984
433 294 504 348 66
966 296 1079 348 VII.
1157 295 1615 351 CAPITULARE
1654 294 2283 351 EGOLESIASTIOUM

1281 464 1980 521 SAOERDOTIBUS.

602 580 778 647 LIV.
822 584 990 649 Item
1039 585 1351 668 eiusdem,
1396 595 1469 650 ut
1510 586 1769 651 nomina
1814 585 2075 673 puplice
2120 606 2253 649 non
2288 584 2643 649 recitentur
2688 592 2849 649 ante

432 700 701 766 precem
747 685 1232 750 sacerdotalem.

697 800 984 856 Innocent.
1019 820 1138 871 cap.
1176 805 1226 859 2.
1277 803 1360 857 De
1396 802 1719 857 nominibus
1766 818 1899 857 vero
1936 802 2239 858 recitandis
2278 807 2577 872 antequam
2611 820 2849 873 precem

629 887 898 942 Sacerdos
933 890 1136 957 faciat,
1175 893 1343 959 atque
1379 907 1575 944 eorum
1609 890 1919 945 oblationes
1943 930 1956 957 ,
2008 907 2246 959 quorum
2288 890 2513 944 nomina
2546 891 2851 945 recitanda

625 981 772 1041 sunt,
810 994 910 1030 sua
945 977 1200 1032 oratione
1234 978 1603 1044 commendet,
1643 994 1808 1046 quam
1843 978 2181 1047 superfluum
2218 978 2309 1046 sit,
2350 982 2408 1031 et
2448 978 2567 1047 ipse
2602 994 2713 1047 pro
2744 982 2849 1032 tua

624 1062 923 1132 prudentia
953 1066 1342 1135 recognoscis3
1397 1070 1463 1119 ut
1514 1065 1669 1119 cuius
1719 1065 1960 1119 hostiam
1994 1066 2231 1121 necdum
2268 1066 2387 1119 Deo
2422 1065 2625 1119 offeras
2646 1106 2659 1133 ,
2722 1066 2847 1119 eius

627 1168 831 1205 nomen
869 1156 998 1207 ante
1029 1153 1276 1207 insinues
1292 1195 1306 1219 ,
1360 1153 1609 1221 quamvis
1646 1152 1993 1223 incognitum
2027 1153 2111 1207 ini
2148 1152 2286 1207 nihil
2324 1153 2411 1207 sit.
2494 1152 2659 1207 Prius
2700 1170 2846 1223 ergo

623 1238 936 1293 oblationes
975 1243 1106 1292 sunt
1143 1238 1608 1293 commendandae
1624 1278 1637 1305 ,
1688 1256 1754 1293 ac
1790 1243 1926 1294 tunc
1962 1256 2155 1293 eorum
2191 1239 2417 1293 nomina
2454 1256 2696 1307 quorum
2739 1240 2843 1293 ob-

621 1325 856 1379 lationes
893 1330 1022 1379 sunt
1059 1326 1357 1395 edicenda3
1397 1331 1463 1380 ut
1502 1326 1649 1381 inter
1687 1344 1844 1381 sacra
1880 1327 2147 1395 mysteria
2180 1326 2559 1391 nominentur,
2596 1343 2715 1381 non
2754 1326 2838 1381 in-

620 1415 708 1465 ter
743 1412 853 1465 alia
891 1429 1030 1481 quae
1066 1418 1196 1468 ante
1229 1414 1657 1483 praemittimus,
1692 1419 1759 1468 ut
1792 1414 1929 1484 ipsis
1948 1414 2227 1484 mysteriis
2276 1414 2421 1469 viam
2464 1414 2665 1469 futuris
2710 1432 2842 1483 pre-

623 1498 780 1551 cibus
823 1500 1151 1568 aperiamus

1017 1661 1503 1731 EPISGOPIS,
1564 1660 2249 1718 SACERDOTIBUS.

601 1781 742 1847 LV.
828 1782 909 1846 In
953 1783 1232 1849 decretis
1264 1783 1578 1850 Celestini
1606 1784 1843 1873 Papae,
1888 1795 1959 1849 ut
2001 1784 2167 1863 nulli
2203 1785 2611 1850 sacerdotum
2639 1783 2842 1849 liceat

436 1883 742 1969 ignorare
789 1892 1155 1949 sanctorum
1201 1907 1517 1951 canonum
1556 1885 1862 1951 instituta.

695 2001 956 2057 Celestin.
995 2020 1041 2057 c.
1078 2005 1165 2058 20.
1230 2002 1384 2081 Nulli
1441 2002 1805 2058 Sacer-dotum
1854 2021 1983 2057 suos
2028 2004 2197 2058 liceat
2244 2021 2485 2060 canones
2549 2004 2835 2074 ignorare,

621 2107 726 2145 nec
772 2091 1069 2160 quicquam
1124 2090 1307 2145 facere
1365 2091 1514 2160 quod
1564 2096 1787 2160 patrum
1838 2092 2020 2161 possit
2062 2094 2267 2163 regulis
2323 2094 2563 2149 obviare.
2668 2092 2829 2161 Quae

623 2177 769 2231 enim
805 2196 838 2231 a
870 2178 1032 2233 nobis
1067 2196 1156 2233 res
1193 2178 1364 2248 digna
1401 2178 1714 2233 servabitur
1730 2221 1743 2245 ,
1804 2180 1850 2233 si
1885 2180 2247 2234 decretalium
2295 2198 2495 2235 norma
2547 2181 2829 2261 constitu-

620 2267 808 2319 torum
843 2283 946 2335 pro
984 2265 1294 2335 aliquorum
1329 2266 1513 2333 libitu,
1551 2265 1781 2321 licentia
1816 2267 2033 2337 populis
2062 2268 2347 2336 permissa,
2384 2266 2675 2337 frangatur
2697 2267 2728 2319 ⁴?

1385 2434 1869 2490 EPISCOPIS.

588 2550 763 2616 LVI.
849 2554 930 2617 In
975 2555 1250 2620 decretis
1277 2554 1518 2619 Leonis
1561 2575 1787 2642 papae,
1827 2553 1991 2618 sicut
2034 2562 2098 2619 et
2142 2552 2212 2617 in
2239 2548 2626 2619 Sardicense
2672 2577 2827 2619 con-

426 2649 573 2713 cilio
583 2698 605 2731 ‚
665 2660 738 2715 ut
800 2654 1085 2743 episcopi
1133 2655 1398 2721 alterius
1460 2654 1768 2718 clericum
1830 2653 1913 2718 ad
1962 2675 2032 2719 se
2076 2676 2209 2717 non
2253 2654 2639 2738 sollicitent,
2701 2677 2828 2721 nec

427 2747 748 2817 ordinent.

683 2869 819 2937 Lem,
855 2888 903 2925 c.
939 2872 1027 2927 39.
1068 2871 1326 2925 Alienum
1367 2871 1667 2939 Olet-icum,
1714 2871 1893 2927 invito
1928 2873 2212 2943 Episcopo
2242 2874 2419 2945 ipsius
2436 2912 2450 2940 ‚
2500 2891 2663 2929 nemo
2703 2893 2822 2929 sus-

611 2959 786 3030 cipiat
803 3000 817 3028 ‚
871 2958 982 3013 nisi
1013 2957 1160 3014 forte
1201 2976 1270 3013 ex
1305 2959 1515 3028 placito
1554 2959 1728 3015 carita
1736 2960 1803 3014 tis
1850 2961 1910 3015 id
1958 2962 2109 3015 inter
2162 2962 2389 3017 dantem
2425 2962 2826 3033 accipientem-

615 3067 720 3119 que
771 3051 1080 3105 conveniat.
1180 3048 1322 3103 Nam
1381 3050 1567 3119 gravis
1620 3050 1855 3104 iniuriae
1911 3067 2041 3105 reus
2094 3054 2181 3106 est
2230 3051 2327 3121 qui
2378 3050 2449 3105 de
2482 3049 2675 3104 fratris
2718 3050 2827 3105 Ec-

612 3138 780 3193 clesia
816 3138 876 3191 id
910 3136 1060 3205 quod
1099 3141 1187 3191 est
1227 3137 1417 3190 utilius
1455 3141 1553 3190 aut
1586 3135 1914 3206 pretiosius,
1970 3138 2140 3191 audet
2194 3138 2283 3193 vel
2326 3136 2553 3192 allicere
2612 3137 2703 3190 vel
2740 3142 2822 3191 te-

611 3241 762 3282 nere.
833 3223 1026 3293 Itaque
1063 3224 1112 3277 si
1145 3223 1296 3277 intra
1331 3224 1675 3293 provinciam
1716 3240 1806 3278 res
1856 3224 2079 3293 agitur,
2146 3224 2496 3294 transfugam
2534 3223 2814 3278 Clericum

613 3312 686 3365 ad
721 3311 1030 3367 Ecclesiam
1064 3330 1218 3367 suam
1255 3312 1719 3382 Metropolitanus
1763 3312 1949 3366 redire
1986 3312 2303 3381 compellat.
2372 3311 2433 3365 Si
2472 3315 2659 3365 autem
2695 3310 2817 3365 lon-

613 3399 736 3469 gius
771 3401 1019 3467 recessit,
1052 3401 1137 3454 tui
1171 3401 1462 3470 praecepti
1495 3399 1831 3454 auctoritate
1871 3399 2243 3468 revocabitur,
2279 3404 2345 3454 ut
2378 3416 2485 3454 nec
2514 3397 2813 3468 cupiditati

612 3505 715 3543 nec
756 3488 1048 3543 ambitioni
1083 3488 1301 3543 occasio
1335 3489 1702 3557 relinquatur.

1373 3656 1856 3729 EJPISCOPIS.

583 3780 794 3846 LVH.
878 3780 1047 3843 Item
1092 3778 1416 3861 eiusdem,
1473 3787 1547 3843 ut
1589 3776 1807 3843 nullus
1855 3775 2197 3865 episcopus
2242 3797 2501 3841 servum
2544 3777 2814 3842 alterius

417 3884 500 3947 ad
545 3881 882 3947 clericatus
927 3878 1210 3944 officium
1253 3878 1391 3944 sine
1435 3878 1680 3943 domini
1725 3877 1823 3942 sui
1848 3878 2179 3942 voluntate
2209 3899 2598 3966 promovere
2629 3900 2815 3965 prae-

416 3991 641 4049 sumat.
727 3980 814 4045 Et
856 3980 983 4046 hoc
1031 3979 1458 4066 Gangarense
1505 3978 1845 4045 concilium
1892 3978 2215 4065 prohibet.

682 4099 848 4153 Cone.
887 4098 1090 4169 Gangr.
1131 4114 1250 4153 can.
1287 4100 1334 4153 3.
1386 4097 1446 4152 Si
1489 4097 1611 4166 quis
1669 4113 1887 4151 servum
1938 4096 2228 4151 occasione
2272 4096 2563 4166 religionis
2612 4095 2817 4151 doceat

611 4186 896 4240 dominum
935 4203 1095 4239 suum
1140 4189 1495 4241 contemnere
1551 4191 1609 4239 et
1658 4185 1777 4239 eius
1839 4183 2209 4237 ministerium
2248 4183 2541 4252 deserere,
2594 4200 2663 4238 ac
2700 4199 2815 4237 non

608 4272 796 4341 potius
843 4272 1098 4328 docuerit
1136 4289 1263 4327 eum
1317 4272 1541 4327 domino
1592 4289 1693 4326 suo
1752 4273 1901 4326 bona
1951 4270 2061 4325 fide
2099 4274 2159 4325 et
2194 4288 2317 4326 cum
2358 4270 2508 4325 omni
2544 4268 2809 4325 honorifi-

611 4360 796 4413 centia
831 4360 1129 4428 deservire,
1171 4360 1462 4415 anathema
1496 4360 1586 4414 sit.
