2959 4984
417 270 486 323 64
955 274 1070 324 vn.
1147 244 1604 325 carf‘rumaa
1642 274 2261 331 Eccnasiasrtcuu

1419 441 1823 499 OMNIBUS.

601 560 881 627 XLVII.
988 561 1070 626 In
1131 562 1404 627 concilio
1471 562 1883 650 Gangarensi
1901 613 1920 645 ,
1986 573 2060 628 ut
2117 565 2278 629 nulli
2335 564 2527 629 liceat
2586 563 2815 645 oblata,

417 680 582 743 quae
623 661 709 725 ad
749 684 1072 749 pauperes
1115 664 1462 751 pertinent,
1512 686 1744 751 rapere
1788 664 1899 728 vel
1946 664 2269 731 fraudare.

686 780 850 834 Cone.
889 780 1094 850 Gangr.
1130 796 1252 835 can.
1291 782 1340 836 7.
1409 780 1470 835 Si
1509 782 1631 850 quis
1668 781 1977 835 oblationes
2016 782 2301 837 fructuum
2334 782 2623 837 Ecclesiae
2662 780 2815 836 debi-

609 872 698 922 tas
730 869 968 922 voluerit
1003 873 1161 922 extra
1193 868 1506 923 Ecclesiam
1544 868 1795 938 accipere
1830 871 1919 924 vel
1962 871 2095 924 dare
2133 876 2361 940 praeter
2414 869 2812 924 conscientiam

611 954 906 1025 Episcopi,
969 961 1027 1010 et
1065 972 1178 1009 non
1215 957 1392 1025 magis
1427 970 1555 1009 cum
1592 958 1820 1011 consilio
1859 957 1977 1012 eius
2014 958 2103 1011 cui
2142 958 2277 1013 haec
2314 958 2531 1012 credita
2571 961 2703 1010 sunt
2740 955 2808 1009 de

610 1042 694 1097 his
729 1043 1004 1113 agendum
1036 1043 1333 1111 putaverit,
1369 1042 1667 1097 anathema
1702 1045 1792 1097 sit.

1040 1201 1428 1257 OMNIBUS
1494 1200 2188 1259 SACERDOTIBUS.

618 1322 933 1389 XLVIII.
1033 1323 1204 1388 Item
1261 1322 1330 1387 in
1389 1324 1655 1406 eodem,
1722 1333 1797 1388 ut
1849 1324 2325 1389 aecclesiastica
2381 1322 2621 1387 ieiunia
2678 1322 2817 1385 eine

411 1426 795 1492 necessitate
842 1426 1206 1493 rationabili
1251 1447 1381 1490 non
1424 1425 1777 1489 solvantur.

677 1544 841 1599 Conc.
886 1545 1092 1614 Gangr.
1133 1561 1252 1598 can.
1292 1546 1378 1599 19.
1443 1542 1503 1596 Si
1547 1543 1671 1611 quis
1732 1560 1924 1596 eorum
1962 1542 2055 1611 qui
2090 1542 2149 1596 in
2190 1542 2480 1612 proposito
2518 1544 2648 1595 sunt
2684 1559 2815 1595 con·

602 1631 874 1686 tinentiae
909 1636 1132 1701 praeter
1167 1632 1560 1685 necessitatem
1596 1632 1943 1700 corporalem
1980 1631 2281 1700 superbiat,
2322 1635 2378 1683 et
2414 1629 2619 1683 ieiunia
2654 1646 2805 1683 com-

601 1718 804 1785 munia,
843 1736 984 1787 quae
1021 1719 1192 1772 totius
1227 1718 1512 1773 Ecclesiae
1546 1717 1779 1772 traditio
1819 1718 2084 1785 celebrat,
2121 1718 2403 1787 putaverit
2432 1714 2803 1781 dissolvenda,

603 1805 908 1876 perfectam
944 1807 1233 1860 scientiam
1267 1823 1389 1860 esse
1425 1806 1576 1875 apud
1610 1823 1669 1860 se
1705 1806 1975 1873 iudicans,
2018 1806 2310 1859 anathema
2345 1805 2435 1858 sit.

1269 1958 1951 2014 SACERDOTIBUS.

575 2076 819 2143 XLIX.
904 2078 984 2144 In
1041 2080 1310 2145 concilio
1357 2079 1789 2145 Ancironensi
1855 2080 2181 2144 invectum
2238 2088 2337 2143 est
2391 2080 2461 2143 in
2522 2102 2635 2145 eos
2696 2078 2805 2163 qui

411 2200 556 2242 cum
601 2178 1127 2268 quadrupedibus
1173 2181 1282 2245 vel
1323 2180 1623 2245 masculis
1672 2190 1893 2245 contra
1934 2189 2226 2247 naturam
2268 2188 2571 2268 peccant,
2642 2178 2801 2243 dura

410 2287 477 2341 et
515 2277 801 2343 districta
841 2281 1255 2369 poenitentia.
1303 2282 1721 2369 Quapropter
1760 2280 2045 2369 episcopi
2090 2290 2156 2345 et
2191 2280 2556 2367 presbiteri,
2599 2304 2636 2344 a
2666 2278 2799 2365 qui-

408 2378 528 2441 bus
585 2378 892 2444 iudicium
953 2382 1346 2469 penitentiae
1415 2381 1771 2446 iniunctum
1830 2391 1965 2464 est,
2033 2391 2345 2446 conentur
2410 2378 2794 2445 omnimodis

405 2477 530 2541 hoc
571 2479 810 2544 malum
850 2506 889 2546 a
932 2482 1393 2548 consuetudine
1435 2483 1785 2570 prohibere
1828 2482 1937 2547 vel
1978 2482 2384 2547 abscindere.

675 2614 840 2670 Conc.
881 2617 1082 2685 Ancyr.
1124 2635 1243 2673 can.
1273 2618 1356 2671 15.
1392 2617 1457 2670 In
1498 2617 1662 2671 titulo
1689 2617 1904 2671 Graeca
1937 2618 2111 2671 verba
2144 2616 2280 2671 haec
2317 2619 2475 2669 sunt:
2513 2616 2656 2683 Περὶ
2691 2600 2799 2665 ’τῶν

601 2698 1088 2776 ἀλογευσαμένων,
1145 2699 1178 2769 ἢ
1216 2705 1279 2757 δὲ
1313 2700 1765 2776 ἀλογευομένων;
1824 2722 1963 2773 quae
2002 2722 2105 2757 nos
2155 2704 2353 2757 Latine
2385 2718 2679 2772 possumus
2728 2698 2807 2751 di-

603 2804 764 2843 cere:
807 2794 884 2843 Dc
921 2794 1004 2843 his
1048 2796 1138 2859 qui
1175 2795 1638 2845 irrationabiliter
1676 2797 1881 2845 versati
1918 2803 2056 2859 sunt,
2095 2796 2207 2845 sive
2244 2801 2543 2845 versantur.
2603 2786 2803 2841 Sensus

603 2878 788 2927 autem
821 2873 881 2929 in
915 2875 1020 2929 hac
1055 2877 1332 2931 sententia
1367 2877 1573 2947 triplex
1612 2894 1731 2933 esse
1775 2882 1989 2947 potest,
2032 2877 2127 2947 qui
2170 2894 2239 2931 ex
2274 2876 2537 2931 subiectis
2576 2872 2801 2928 coniici-

602 2965 712 3027 tur,
750 2966 846 3015 aut
880 2962 949 3016 de
982 2964 1068 3017 his
1108 2964 1202 3032 qui
1239 2982 1366 3018 cum
1401 2966 1697 3034 pecoribus
1738 2966 1891 3020 coitu
1930 2965 2091 3019 mixti
2134 2969 2279 3031 sunt,
2316 2967 2415 3017 aut
2448 2978 2601 3016 more
2637 2976 2800 3029 pecu-

603 3048 734 3101 dum
787 3050 1000 3104 incesta
1052 3067 1180 3104 cum
1237 3052 1665 3121 consanguineis
1721 3052 2117 3106 commiserunt
2136 3090 2149 3117 ,
2211 3055 2309 3105 aut
2363 3067 2489 3103 cum
2542 3046 2798 3103 masculis

601 3137 1034 3191 concubuerunt.
1110 3138 1396 3207 Quotquot
1429 3140 1605 3209 igitur
1644 3144 1775 3192 ante
1822 3139 2145 3193 vicesimum
2184 3138 2383 3193 aetatis
2424 3153 2553 3190 suae
2590 3149 2796 3188 annum

599 3224 713 3276 tale
750 3224 961 3279 crimen
993 3224 1351 3294 admiserunt,
1389 3227 1707 3295 quindecim
1744 3227 1902 3279 annis
1941 3226 2001 3279 in
2035 3225 2385 3295 poenitentia
2420 3222 2648 3288 exactis,
2686 3236 2803 3274 ora·

602 3310 746 3365 tioni
780 3315 1000 3365 tantum
1051 3313 1322 3382 incipiant
1375 3314 1735 3383 participari3
1801 3318 1857 3367 et
1903 3314 2277 3381 quinquennio
2336 3311 2516 3364 altero
2565 3310 2625 3362 in
2662 3325 2805 3362 com-

603 3398 864 3451 munione
913 3399 1154 3467 simplici
1205 3402 1572 3469 perdurantes
1594 3442 1607 3469 ,
1666 3405 1796 3469 post
1852 3401 2171 3454 vicesimum
2222 3417 2347 3454 cum
2401 3396 2683 3452 oblatione
2731 3394 2799 3449 ad

601 3485 1042 3539 communionem
1077 3487 1461 3556 suscipiantur.
1540 3488 1885 3541 Discutiatur
1933 3491 2118 3539 autem
2170 3490 2229 3540 et
2268 3486 2387 3539 vita
2444 3500 2626 3538 eorum
2670 3498 2807 3551 quae

603 3574 772 3627 fuerit
802 3578 1055 3645 tempore
1088 3576 1468 3643 poenitentiae
1494 3616 1507 3643 ,
1546 3580 1603 3628 et
1639 3576 1721 3628 ita
1756 3575 1899 3628 hanc
1934 3574 2338 3628 humanitatem
2375 3576 2805 3640 consequantur.

605 3660 765 3728 Quod
805 3661 852 3715 si
892 3663 986 3730 qui
1022 3661 1468 3730 perseverantius
1518 3662 1677 3714 abusi
1724 3665 1853 3714 sunt
1899 3661 2004 3715 hoc
2042 3661 2310 3726 crimine,
2359 3658 2627 3728 prolixius
2667 3662 2807 3710 tem-

601 3766 704 3816 pus
741 3748 982 3801 habeant
1039 3748 1407 3801 submissioni.
1503 3747 1789 3816 Quotquot
1836 3764 1969 3801 vero
2024 3753 2220 3801 exacta
2277 3746 2479 3815 viginti
2536 3760 2803 3799 annorum

601 3839 812 3901 aetate,
851 3839 910 3888 et
944 3852 1144 3888 uxores
1179 3835 1474 3903 habenteS,
1527 3835 1587 3888 in
1619 3836 1728 3889 hoc
1768 3835 1979 3890 crimen
2018 3834 2337 3889 inciderunt
2355 3872 2369 3901 ,
2400 3832 2616 3902 ssviginti
2652 3832 2805 3901 quin·

603 3940 710 3991 que
745 3924 902 3976 annis
937 3923 1288 3991 poenitentia
1325 3928 1452 3977 acta
1473 3962 1488 3990 ,
1526 3923 1599 3976 ad
1633 3922 2075 3976 communionem
2111 3921 2429 3975 orationum
2462 3925 2685 3987 tantum
2720 3918 2809 3972 ad-

603 4011 930 4065 mittantur:
983 4011 1044 4064 in
1083 4028 1190 4079 qua
1225 4012 1608 4065 communione
1662 4010 1930 4064 orationis
1977 4009 2157 4062 altero
2192 4006 2571 4077 quinquennio
2609 4007 2811 4076 perdu-

603 4102 809 4164 rantes,
846 4099 1070 4166 plenam
1105 4098 1547 4151 communionem
1582 4114 1709 4150 cum
1744 4096 2027 4150 oblatione
2064 4095 2357 4165 recipiant.
2434 4092 2599 4161 Quod
2632 4095 2680 4146 si
2719 4093 2811 4147 ali-

603 4186 701 4255 qui
737 4190 796 4238 et
829 4202 1032 4239 uxores
1068 4185 1336 4240 habentes
1355 4224 1368 4251 ,
1425 4189 1485 4238 et
1514 4184 1847 4239 excedentes
1885 4182 2400 4252 quinquagesimum
2436 4181 2639 4235 aetatis
2680 4198 2811 4235 suae

605 4288 826 4339 annum,
863 4272 922 4326 in
953 4273 1058 4327 hoc
1094 4273 1344 4341 prolapsi
1380 4276 1526 4337 sunt,
1564 4272 1634 4324 ad
1670 4272 1883 4325 exitum
1917 4270 2067 4324 vitae
2100 4275 2322 4325 tantum
2358 4270 2807 4323 communionem

609 4365 944 4414 mereantur.
