2959 4984
612 284 830 339 XLVII.
906 284 1393 343 CONCORDATA
1435 284 1838 341 AUSTRIAGA
1875 288 1938 341 A.
1975 284 2135 341 1855.
2473 287 2581 343 287

170 460 331 525 dem
375 480 453 523 ac
492 453 677 521 latini
713 452 911 518 modo
972 454 1362 519 consuletur.
1445 452 1760 519 Ceterum
1813 450 2150 541 praedicta
2207 474 2341 518 non
2379 455 2584 543 respi-

169 562 355 625 ciunt
379 555 711 623 Ecclesias
747 554 1150 643 parochiales
1175 554 1341 640 juris
1386 562 1764 643 patronatus
1805 553 1944 619 sive
1989 552 2403 619 ecclesiastici
2447 555 2584 620 sive

180 658 451 738 laicaliS,
502 655 810 721 canonice
850 654 1175 740 adquisiti,
1223 677 1494 741 quarum
1539 676 1699 721 onus
1741 653 2123 744 respectivis
2157 654 2444 742 patronis
2485 655 2582 721 in-

172 762 460 825 cumbet.
553 754 810 841 Quodsi
850 755 1107 843 patroni
1150 754 1656 841 obligationibus
1721 757 1814 822 eis
1867 780 1904 821 a
1947 756 2104 843 lege
2149 755 2584 822 ecclesiastica

168 857 497 949 impositis
538 856 718 925 haud
758 856 955 943 plene
1006 855 1412 939 satisfaciant,
1460 865 1526 921 et
1549 856 1950 945 praesertim,
1996 857 2256 942 quando
2297 860 2582 945 parocho

168 962 295 1027 dos
339 981 429 1025 ex
470 956 677 1022 fundo
720 954 1083 1041 Religionis
1132 956 1473 1022 constituta
1516 958 1638 1042 sit,
1685 957 1944 1023 attentis
1985 980 2108 1046 pro
2155 978 2379 1024 rerum
2417 968 2584 1025 statu

174 1057 596 1126 attendendis
640 1055 1119 1144 providendum
1162 1055 1303 1121 erit.

340 1158 492 1224 Art.
536 1155 828 1223 XXVII.
913 1152 1081 1221 Cum
1114 1156 1225 1242 jus
1284 1156 1355 1221 in
1410 1158 1584 1221 bona
1641 1157 2071 1223 ecclesiastica
2131 1180 2217 1224 ex
2279 1161 2584 1227 canonica

166 1257 579 1326 institutione
607 1256 879 1340 derivet,
926 1278 1171 1342 omneS,
1212 1256 1323 1341 qui
1360 1256 1444 1321 ad
1476 1256 1794 1325 beneficia
1827 1279 2254 1345 quaecunque
2295 1260 2404 1325 vel
2443 1283 2578 1325 ma-

157 1364 311 1448 jora
348 1360 466 1425 vel
505 1357 755 1423 minora
798 1357 1111 1425 nominati
1156 1380 1273 1422 seu
1319 1358 1714 1445 praesentati
1765 1358 2025 1441 fuerint,
2057 1360 2378 1425 bonorum
2417 1369 2579 1427 tem-

171 1460 508 1550 poralium
550 1457 796 1523 eisdem
824 1479 1229 1523 annexorum
1271 1457 1890 1523 administrationem
1911 1460 2167 1525 nonnisi
2207 1461 2447 1527 virtute
2482 1484 2581 1527 ca-

166 1563 452 1630 nonicae
492 1558 913 1625 institutionis
941 1580 1274 1623 assumere
1306 1566 1633 1646 poterunt.
1679 1558 2027 1625 Praeterea
2066 1560 2136 1624 in
2169 1561 2581 1649 possessione

168 1662 623 1730 Ecclesiarum
662 1658 1148 1741 cathedralium,
1188 1660 1640 1744 bonorumque
1680 1680 2103 1744 annexorum,
2148 1682 2315 1745 quae
2357 1661 2428 1726 in
2469 1685 2569 1727 ca-

170 1762 431 1831 nonicis
494 1760 929 1826 sanctionibus
993 1768 1059 1823 et
1097 1759 1486 1846 praesertim
1523 1759 1592 1825 in
1634 1758 1998 1825 Pontificali
2039 1770 2102 1825 et
2147 1760 2582 1829 Ceremoniali

169 1866 476 1933 Romano
516 1859 917 1949 praescripta
978 1867 1161 1941 sunt,
1218 1858 1527 1924 adcurate
1581 1860 2127 1947 observabuntur,
2197 1882 2582 1948 quocunque

168 1990 296 2033 usu
340 1965 482 2031 sive
530 1958 996 2028 consuetudine
1034 1959 1103 2024 in
1140 1960 1533 2025 contrarium
1575 1960 1845 2025 sublata.

352 2064 503 2130 Art.
551 2061 876 2127 XXVIII.
962 2060 1326 2145 Regulares
1343 2109 1364 2143 ,
1432 2061 1544 2145 qui
1591 2062 1950 2127 secundum
1988 2061 2256 2131 Ordinis
2298 2062 2396 2128 sui
2437 2084 2586 2129 con-

89 2243 99 2251 ,
164 2166 547 2235 stitutiones
606 2162 879 2247 subjecti
944 2170 1093 2225 sunt
1136 2158 1600 2250 Superioribus
1663 2161 2100 2229 Generalibus
2155 2185 2359 2251 penes
2403 2163 2586 2252 Apo·

164 2268 471 2335 stolicam
512 2262 763 2331 Sedem
800 2261 1236 2327 residentibus
1258 2310 1279 2345 ,
1352 2263 1431 2326 ab
1490 2261 1728 2327 iisdem
1765 2271 2082 2349 regentur
2143 2263 2228 2327 ad
2262 2264 2578 2351 praefata-

164 2392 323 2436 rum
361 2363 891 2432 constitutionum
933 2384 1266 2444 normam,
1298 2362 1488 2427 'salva
1534 2372 1750 2428 tamen
1791 2362 2266 2452 Episcoporum
2309 2364 2583 2430 auctori·

171 2478 312 2536 tate
347 2467 543 2553 juxta
586 2486 902 2529 canonum
954 2471 1018 2527 et
1059 2462 1423 2529 Tridentini
1464 2463 1816 2551 praecipue
1862 2461 2138 2529 Concilii
2199 2464 2578 2531 sanctiones·

166 2570 393 2657 Igitur
437 2564 751 2655 praedicti
816 2561 1208 2651 Superiores
1253 2562 1619 2629 Generales
1677 2586 1823 2635 cum
1879 2563 2154 2629 subditis
2219 2564 2465 2629 cunctis
2513 2564 2584 2631 in

164 2672 375 2737 rebus
421 2666 506 2731 ad
552 2664 979 2731 ministerium
1040 2662 1198 2751 ipsis
1240 2663 1617 2729 incumbens
1675 2664 2114 2753 spectantibus
2161 2665 2366 2731 libere
2412 2688 2582 2731 com-

162 2768 597 2837 municabunt
617 2816 637 2849 ,
702 2764 909 2831 libere
958 2785 1214 2850 quoque
1256 2763 1692 2831 visitationem
1733 2766 1802 2830 in
1845 2766 2114 2831 eosdem
2161 2769 2578 2834 exercebunt.

165 2871 385 2937 Porro
427 2867 772 2953 regulares
828 2867 1071 2950 absque
1112 2864 1582 2953 impedimento
1631 2865 1980 2955 respectivi
2021 2865 2323 2951 Ordinis,
2391 2868 2582 2933 Insti-

162 2971 293 3036 tuti
340 2990 461 3035 seu
504 2964 1051 3051 Congregationis
1092 2965 1356 3051 regulas
1400 2968 1880 3050 observabunt,
1953 2976 2018 3032 et
2068 2968 2260 3054 juxta
2303 2966 2582 3035 Sanctae

168 3069 373 3139 Sedis
420 3065 961 3156 praescriptiones
1003 3065 1381 3131 candidatos
1442 3066 1525 3130 ad
1570 3067 1952 3132 novitiatum
1993 3076 2058 3131 et
2099 3067 2182 3132 ad
2231 3068 2581 3156 professio-

164 3193 329 3237 nem
382 3167 763 3253 religiosam
818 3164 1177 3233 admittent.
1262 3164 1443 3231 Haee
1513 3167 1725 3233 omnia
1767 3168 2013 3256 pariter
2071 3169 2584 3235 observabuntur

170 3269 396 3358 quoad
436 3267 749 3335 moniales
793 3266 864 3331 in
904 3266 1005 3349 iis,
1052 3284 1219 3352 quae
1263 3266 1435 3355 ipsas
1482 3267 1860 3356 respiciunt.

344 3366 879 3455 Archiepiscopis
924 3376 989 3433 et
1031 3366 1372 3456 Episcopis
1419 3368 1698 3433 liberum
1745 3368 1899 3452 erit,
1943 3366 2012 3433 in
2053 3366 2336 3459 propriis
2379 3367 2581 3435 Dioe-

170 3469 437 3538 cesibus
481 3466 765 3535 Ordines
829 3488 944 3532 seu
990 3465 1555 3554 congregationes
1614 3468 1957 3555 religiosas
2002 3470 2340 3555 utriusque
2386 3491 2584 3535 sexus

160 3574 365 3660 juxta
423 3590 639 3635 sacros
697 3588 974 3634 canones
1022 3568 1445 3651 constituere3
1517 3571 2078 3637 communicabunt
2119 3578 2336 3635 tamen
2379 3590 2456 3635 ea
2498 3569 2584 3636 de

168 3695 248 3741 re
295 3693 449 3737 cum
491 3661 843 3737 Gubernio'
869 3669 1206 3758 Imperiali
1249 3666 1534 3735 consilia.

346 3772 497 3836 Art.
538 3769 794 3835 XXIX.
880 3767 1173 3835 Ecclesia
1204 3771 1354 3856 jure
1398 3793 1517 3835 suo
1554 3770 1849 3859 pollebit,
1891 3791 2094 3837 novas
2130 3770 2310 3855 justo
2355 3768 2586 3853 quovis

182 3872 377 3939 titulo
424 3871 635 3937 libere
680 3867 1055 3954 acquirendi
1093 3867 1538 3958 possessiones
1586 3872 1854 3957 ejusque
1890 3868 2251 3961 proprietas
2282 3869 2352 3934 in
2380 3869 2583 3935 omni-

169 3978 319 4059 bus,
363 3994 533 4058 quae
571 3994 747 4037 nunc
786 3970 1112 4058 possidet,
1170 3972 1281 4035 vel
1336 3970 1765 4060 imposterum
1808 3968 2134 4057 acquiret,
2189 3966 2584 4035 inviolabilis

172 4071 561 4143 solemniter
608 4068 748 4136 erit.
797 4070 1085 4136 Proinde
1135 4072 1349 4157 quoad
1395 4072 1686 4158 antiquas
1736 4090 2066 4157 novasque
2117 4066 2584 4137 ecclesiasticas

170 4174 593 4243 fundationes
636 4170 817 4237 nulla
858 4172 967 4236 vel
1008 4172 1385 4260 suppressio
1444 4173 1556 4237 vel
1599 4169 1752 4239 unio
1799 4172 1944 4237 fieri
1984 4171 2268 4260 poterit,
2337 4172 2586 4258 absque

170 4278 553 4343 interventu
616 4270 1009 4345 auctoritatis
1069 4272 1492 4362 Apostolicae
1559 4271 1756 4339 Sedis
1822 4272 2012 4338 salvis
2080 4272 2492 4343 facultatibus
2537 4297 2577 4341 a

172 4375 385 4447 Sacro
428 4372 725 4442 Concilio
768 4372 1147 4439 Tridentino
1193 4373 1534 4464 Episcopis
1577 4372 1851 4439 tributis.

346 4476 499 4549 Art.
544 4472 765 4547 XXX.
853 4472 1187 4542 Bonorum
1249 4471 1830 4546 ecclesiasticorum
1880 4472 2346 4545 administratio
2412 4480 2587 4574 apud,
