2959 4984
873 305 1148 358 KABOLI
1187 309 1422 361 MAGNI
1458 311 1521 362 A,
1558 308 1683 366 ¹789.
2404 318 2478 374 49

264 459 366 515 hos
403 461 818 520 ecclesiasticus
855 467 993 522 ordo
1031 485 1143 524 non
1179 470 1396 540 recipit.
1455 473 1523 528 In
1560 477 1814 532 omnibus
1855 481 2002 535 enim
2042 484 2193 551 quod
2234 485 2471 556 irrepre-

268 549 544 604 hensibile
581 557 668 605 est
703 553 977 611 catholica
1015 556 1266 611 defendit
1299 559 1570 615 Ecclesia.

1063 741 1499 801 OMNIBUS.

231 859 359 924 III.
443 859 616 924 Item
656 861 725 925 in
767 861 1000 927 eodem
1040 865 1343 949 concilio,
1385 891 1639 934 necnon
1686 881 1750 936 et
1792 873 1859 937 in
1900 875 2333 962 Antiocheno,
2378 879 2459 945 si-

87 959 207 1023 mul
263 967 330 1022 et
370 959 438 1022 in
486 958 992 1047 Calcidonense,
1049 973 1122 1028 ut
1162 966 1419 1052 fugitivi
1462 969 1679 1034 clerici
1726 982 1793 1036 et
1832 976 2169 1060 peregrini
2207 1000 2245 1041 a
2286 979 2467 1044 nullo

85 1061 464 1148 recipiantur
510 1085 634 1128 nec
673 1062 1052 1129 ordinentur
1079 1115 1100 1146 ,
1162 1066 1300 1131 sine
1359 1069 1904 1138 commendaticiis
1946 1073 2219 1160 litteris,
2276 1087 2343 1142 et
2381 1080 2480 1145 sui

89 1159 364 1250 episcopi
408 1163 520 1227 vel
563 1163 809 1229 abbatis
859 1165 1134 1230 licentia.

343 1315 510 1370 Conc.
549 1315 669 1371 Nic.
711 1333 831 1370 can.
878 1316 957 1369 16.
1035 1315 1094 1371 Si
1150 1317 1260 1384 qui·
1299 1319 1418 1375 sine
1471 1323 1733 1389 respectu
1780 1324 2041 1389 agentes,
2106 1325 2166 1376 et
2212 1322 2473 1378 timorem

269 1405 378 1458 Dei
415 1409 548 1458 ante
585 1404 777 1459 oculos
814 1423 930 1460 non
967 1406 1256 1474 habentes,
1291 1425 1472 1477 neque
1500 1409 1880 1463 ecclesiastica
1916 1413 2125 1463 statuta
2160 1409 2474 1465 custodien-

271 1495 378 1558 tes,
420 1492 760 1546 recesserint
803 1493 872 1547 ab
909 1492 1166 1548 Ecclesia
1201 1511 1325 1562 sua,
1372 1495 1489 1549 sive
1525 1493 1875 1563 Presbyteri,
1914 1495 2029 1550 sive
2060 1495 2296 1550 Diaconi
2317 1539 2331 1563 ,
2370 1497 2485 1552 sive

269 1581 328 1632 in
361 1596 696 1648 quocunque
735 1580 932 1634 ordine
967 1581 1348 1636 ecclesiastico
1385 1582 1557 1651 positi
1592 1581 1829 1648 fuerint,
1865 1582 1923 1635 hi
1958 1601 2228 1652 nusquam
2266 1585 2477 1654 suscipi

271 1667 484 1720 debent
520 1667 584 1719 in
626 1667 735 1721 alia
772 1667 1055 1722 Ecclesia:
1105 1670 1204 1722 sed
1249 1686 1376 1724 cum
1427 1669 1581 1723 omni
1612 1671 1947 1724 necessitate
1982 1675 2257 1742 cogantur
2296 1677 2361 1726 ut
2398 1690 2487 1727 re-

276 1755 446 1808 deant
490 1754 565 1808 ad
605 1754 892 1808 Ecclesiae
935 1773 1074 1810 suas.
1145 1757 1262 1810 Aut
1297 1758 1344 1810 si
1386 1757 1811 1826 permanserint,
1847 1759 2353 1816 excommunicatos
2390 1778 2486 1816 eos

277 1863 398 1900 esse
439 1849 687 1914 oportet.
761 1845 820 1900 Si
857 1847 976 1916 quis
1027 1851 1214 1901 autem
1261 1864 1424 1902 ausus
1476 1848 1645 1902 fuerit
1699 1849 1939 1917 aliquem
1984 1851 2081 1918 qui
2138 1851 2209 1905 ad
2251 1852 2487 1906 alterum

271 1934 521 2003 pertinet
547 1974 561 2000 ,
613 1933 873 1987 ordinare
922 1934 979 1987 in
1026 1951 1181 1988 suam
1216 1935 1527 1990 Ecclesiam
1543 1976 1557 2003 ,
1608 1954 1732 1991 cum
1767 1955 1881 1992 non
1914 1938 2117 1992 habeat
2154 1955 2484 1995 consensum

273 2019 546 2091 Episcopi
592 2022 742 2075 illius
797 2038 830 2075 a
869 2040 977 2092 quo
1013 2023 1246 2077 recessit
1306 2023 1549 2078 Clericus
1600 2041 1729 2078 suus
1758 2063 1772 2092 ,
1829 2025 1994 2079 irrita
2047 2025 2122 2080 sit
2169 2026 2485 2081 huiusmodi

273 2111 571 2166 ordinatio.

344 2207 512 2260 Conc.
553 2206 814 2260 Antioch.
851 2224 968 2261 can.
1006 2208 1057 2262 3.
1093 2207 1151 2261 Si
1187 2206 1309 2275 quis
1347 2204 1659 2275 Presbyter
1675 2249 1690 2276 ,
1725 2208 1817 2261 vel
1851 2208 2129 2263 Diaconus
2150 2249 2165 2278 ,
2202 2209 2294 2263 vel
2330 2209 2491 2278 quili-

269 2295 371 2348 bet
411 2293 682 2357 Clericus,
718 2291 942 2346 deserta
981 2309 1080 2346 sua
1114 2291 1404 2360 Ecclesia,
1444 2293 1517 2346 ad
1567 2294 1732 2348 aliam
1767 2295 2169 2348 transeundum
2211 2311 2331 2348 esse
2372 2311 2490 2350 cre·

275 2381 487 2436 diderit
506 2423 520 2446 ,
561 2385 622 2434 et
656 2379 737 2433 ibi
771 2381 1041 2448 paulatim
1075 2385 1287 2447 tentat,
1337 2396 1445 2450 quo
1485 2381 1781 2450 migravit,
1827 2385 2101 2451 perpetuo
2134 2398 2479 2451 permanere,

273 2469 508 2522 ulterius
545 2467 866 2521 ministrare
901 2467 1070 2521 debet
1087 2507 1100 2534 ‚
1147 2468 1480 2537 praesertim
1531 2468 1579 2522 si
1616 2469 1685 2521 ab
1719 2467 2003 2537 Episcopo
2053 2483 2155 2522 suo
2192 2467 2265 2522 ad
2299 2481 2485 2522 rever-

274 2557 508 2611 tendum
543 2555 716 2609 fuerit
753 2555 1099 2610 exhortatus.
1137 2554 1297 2622 Quod
1333 2555 1382 2608 si
1417 2560 1476 2609 et
1512 2559 1643 2624 post
1680 2557 2061 2610 evocationem
2098 2556 2184 2610 sui
2217 2555 2488 2626 Episcopi

275 2659 388 2697 non
422 2641 692 2696 obaudiat
716 2681 729 2708 ,
779 2641 880 2694 sed
913 2642 1382 2710 perseveraverit,
1437 2642 1693 2696 omnibus
1726 2641 1907 2696 modis
1944 2643 2014 2697 ab
2052 2640 2236 2697 officio
2276 2640 2485 2712 deponi

279 2732 504 2800 debere,
545 2747 652 2784 nec
686 2729 980 2799 aliquando
1017 2747 1172 2796 spem
1207 2729 1578 2784 restitutionis
1612 2731 1830 2786 habere.
1890 2730 1950 2786 Si
1987 2747 2152 2799 quem
2184 2748 2319 2786 vero
2353 2734 2485 2800 post

281 2819 424 2873 hanc
463 2817 685 2887 culpam
736 2816 1049 2885 depositum
1089 2816 1228 2870 alius
1261 2816 1576 2886 Episcopus
1614 2819 1925 2888 susceperit
1946 2861 1960 2884 ,
2016 2823 2073 2871 et
2106 2818 2227 2888 ipse
2261 2835 2294 2871 a
2333 2835 2481 2874 com·

281 2907 436 2960 muni
472 2903 685 2973 synodo
719 2920 954 2972 poenam
988 2905 1293 2957 merebitur
1325 2904 1752 2973 increpationis,
1803 2909 2069 2974 tanquam
2108 2905 2488 2960 ecclesiastica

285 2993 406 3048 iura
443 2991 771 3046 dissolvens.

351 3086 564 3142 Concil.
607 3085 786 3139 Chalc.
836 3101 954 3138 can.
999 3085 1082 3139 13.
1140 3083 1473 3153 Peregrinos
1515 3084 1757 3139 Clericos
1808 3089 1868 3139 et
1903 3085 2171 3141 Lectores
2219 3087 2277 3141 in
2314 3088 2495 3146 aliena

287 3175 532 3240 civitate,
570 3173 686 3226 sine
723 3171 998 3241 synodicis
1036 3172 1244 3224 litteris
1280 3171 1549 3241 Episcopi
1585 3173 1699 3242 sui,
1747 3173 1968 3241 penitus
2006 3191 2281 3243 nusquam
2323 3176 2483 3229 mini-

287 3267 467 3316 strare
507 3277 691 3330 posse.

1079 3445 1523 3502 OMNIBUS.

264 3567 380 3634 IV.
462 3567 636 3632 Item
678 3567 745 3630 in
792 3566 1023 3631 eodem
1065 3567 1295 3631 sinodo
1340 3567 1755 3631 interdictum
1807 3575 1905 3633 est
1945 3568 2379 3654 praesbiteris,
2425 3576 2493 3631 et

119 3665 501 3750 diaconibuS,
548 3666 658 3732 vel
703 3667 995 3732 omnibus
1044 3668 1152 3751 qui
1192 3667 1259 3730 in
1304 3667 1478 3732 clero
1522 3675 1707 3748 sunt,
1750 3667 2095 3732 mulierem
2134 3667 2377 3732 habere
2424 3667 2493 3731 in

121 3764 291 3832 domo
340 3793 452 3834 sua
493 3777 764 3856 propter
807 3767 1272 3855 suspicionem,
1330 3767 1453 3831 nisi
1498 3779 1801 3850 matrem,
1864 3777 1973 3833 aut
2011 3788 2338 3849 sororem,
2382 3765 2492 3830 vel

125 3887 216 3930 eas
257 3879 498 3935 tantum
540 3890 853 3957 personas
898 3889 1062 3952 quae
1107 3867 1506 3955 suspiciones
1553 3867 1895 3954 effugiunt.

365 4023 533 4080 Conc.
573 4022 697 4077 Nic.
735 4039 854 4076 can.
894 4022 944 4076 3.
1013 4020 1097 4074 De
1137 4021 1411 4089 suspectis
1448 4037 1582 4074 vero
1625 4019 1955 4080 omnimodis
1980 4018 2270 4073 interdicit
2305 4023 2499 4073 sancta

301 4110 561 4180 synoduS,
597 4124 776 4178 neque
811 4108 1125 4178 Episcop0,
1165 4125 1346 4176 neque
1383 4108 1753 4176 PresbyterO,
1790 4124 1971 4176 neque
2014 4106 2284 4172 Diacon0,
2320 4123 2501 4174 neque

299 4198 522 4252 omnino
571 4197 673 4250 ulli
709 4197 1050 4250 Clericorum
1078 4236 1091 4263 ,
1144 4195 1350 4249 habere
1412 4212 1600 4249 secum
1656 4196 1944 4249 mulierem
1986 4198 2333 4262 extraneam3
2390 4193 2501 4249 nisi

299 4285 444 4340 forte
479 4289 663 4338 mater
698 4284 801 4351 sit,
837 4288 934 4337 aut
974 4298 1149 4350 soror,
1191 4287 1288 4336 aut
1325 4283 1474 4352 avia3
1529 4283 1589 4336 in
1622 4283 1709 4336 his
1748 4299 1984 4351 namque
2021 4281 2274 4350 personis
2311 4286 2370 4336 et
2404 4282 2500 4336 ha·

301 4392 422 4430 mm
461 4373 737 4428 similibus
791 4371 968 4426 omnis
1017 4371 1257 4440 suspicio
1308 4371 1635 4426 declinatur.
1728 4368 1837 4436 Qui
1871 4371 2058 4423 autem
2092 4373 2319 4438 praeter
2354 4369 2495 4423 haec

303 4463 435 4533 agit,
472 4459 887 4532 periclitabitur
927 4458 999 4512 de
1036 4458 1188 4512 clero
1225 4475 1340 4512 suo,

183 4549 340 4593 Walter
369 4550 545 4594 Fontes
579 4551 699 4592 ius-{8
733 4550 1065 4593 ecclesiastici.
2076 4547 2107 4598 4
