2959 4984
416 316 522 372 270
698 316 865 367 XLII.
938 316 1183 367 BULLA
1224 318 1365 369 PRO
1400 318 1648 370 REGNO
1687 318 2258 372 HANNOVERIANO
2299 322 2360 369 A.
2401 319 2557 373 1824.

408 484 516 549 vel
558 482 921 548 Vicariatus
960 484 1029 547 in
1072 481 1570 549 Cathedralibus
1611 483 1953 565 vacaverit,
1999 484 2382 572 EpiscopuS,
2431 495 2498 551 et
2545 484 2806 574 Capitu-

403 586 541 651 lum
582 584 845 649 alternis
890 583 1135 647 vicibus
1178 584 1347 647 intra
1389 605 1508 649 sex
1549 584 1994 649 hebdomadas
2037 610 2074 649 a
2118 585 2224 650 die
2264 587 2618 651 vacationis
2667 610 2806 675 pro-

404 692 651 772 ponent
686 692 959 767 quatuor
986 680 1381 748 candidatos
1426 684 1964 771 supraenuntiatis
2010 686 2336 772 praeditos
2375 687 2806 771 qualitatibus

412 784 611 869 Quod
658 784 713 847 si
754 784 921 847 forte
964 782 1195 867 aliquis
1242 805 1327 849 ex
1365 783 1526 871 ipsis
1577 783 1952 848 Candidatis
1997 784 2333 851 Gubernio
2373 786 2664 869 invisus,
2707 797 2812 851 aut

406 892 741 971 suspectus
782 883 884 963 sit,
922 882 991 945 id
1034 884 1509 971 quamprimum
1553 882 1880 971 Episcopo
1925 886 2312 971 respective,
2351 896 2464 950 aut
2509 886 2807 973 Capitulo

402 982 671 1049 indicari
712 982 969 1071 poterit,
1020 992 1093 1048 'ut
1136 993 1583 1070 expungatur:
1627 993 1780 1047 tunc
1825 994 2039 1048 autem
2085 984 2444 1073 Episcopus
2491 987 2576 1051 ad
2621 989 2807 1052 colla-

402 1086 645 1150 tionem
687 1085 1055 1149 Decanatus
1073 1133 1092 1166 ,
1162 1083 1592 1149 Canonicatus
1609 1132 1627 1164 ,
1684 1093 1796 1148 aut
1833 1084 2197 1149 Vicariatus
2215 1136 2234 1167 ,
2289 1087 2400 1150 vel
2439 1089 2806 1175 respective

406 1184 777 1274 Capitulum
826 1184 995 1249 intra
1038 1192 1311 1269 quatuor
1349 1183 1794 1249 hebdomadas
1833 1186 2148 1271 procedet
2189 1186 2271 1249 ad
2297 1187 2804 1252 nominat-ionem

400 1288 591 1353 unius
636 1310 721 1351 ex
760 1284 1067 1351 Personis
1116 1282 1453 1349 Gubernio
1497 1306 1630 1348 non
1671 1285 1915 1366 invisiS,
1961 1308 2082 1349 nec
2125 1287 2460 1373 suspectis,
2507 1288 2612 1351 cui
2653 1288 2802 1376 Epi-

406 1410 638 1475 scopus
690 1386 1059 1451 canonicam
1106 1384 1281 1449 dabit
1320 1384 1834 1467 Institutionem:
1901 1438 1908 1444 .
2796 1388 2800 1391 ’

574 1486 815 1571 (ΧΙΧ.)
871 1485 980 1549 Ad
1009 1507 1239 1549 novam
1266 1508 1438 1547 nunc
1464 1484 1884 1570 procedendo
1909 1486 2570 1573 circumscriptionem
2605 1488 2802 1552 Dioe-

404 1588 647 1653 cesium
696 1586 1121 1674 Episcopatus
1166 1580 1688 1665 HildesimensiS‚
1735 1585 1841 1669 qui
1887 1594 2030 1648 actu
2071 1610 2108 1649 a
2147 1586 2530 1651 Venerabili
2573 1586 2804 1651 Fratre

401 1686 744 1752 Francisco
786 1686 1017 1771 Egone
1060 1710 1096 1749 a
1138 1684 1191 1748 F
1193 1687 1586 1769 iirstenberg
1629 1684 1946 1749 moderno
1995 1684 2133 1749 eius
2173 1684 2506 1773 ‘Episcopo
2567 1690 2801 1773 guber-

400 1797 606 1868 natur,
653 1794 719 1849 et
744 1785 1287 1871 OsnabrugensiS,
1332 1786 1441 1869 qui
1475 1808 1593 1849 suo
1641 1809 1680 1848 a
1721 1785 2013 1871 pluribus
2055 1786 2236 1849 annis
2284 1788 2508 1851 orbata
2531 1786 2797 1851 Pastore

408 1911 445 1950 a
488 1897 1036 1973 supramemorato
1100 1885 1337 1950 Carolo
1380 1886 1704 1973 Episcopo
1748 1884 2054 1967 Parensi,
2093 1900 2200 1949 *ac
2243 1886 2543 1951 eiusdem
2603 1874 2803 1954 Osna-

404 1986 747 2072 brugensis
791 1986 1120 2051 Ecclesiae
1168 1984 1601 2072 Suffraganeo
1651 2010 1810 2049 scum
1853 1985 2251 2073 Apostolicis
2311 1986 2434 2051 sibi
2479 1988 2798 2075 delegatis

406 2086 811 2151 facultatibus
852 2087 1370 2168 administratur,
1404 2086 1680 2173 ,praevia
1723 2086 2291 2151 dismembratione
2315 2137 2333 2169 ‚
2381 2090 2804 2175 separatione,

404 2210 479 2253 ac
516 2188 959 2253 immutatione
1026 2212 1063 2251 a
1108 2208 1662 2272 quorumcumque
1703 2186 2389 2273 Metropolitanorum,
2450 2188 2803 2277 Episcopo-

404 2312 568 2371 rum,
634 2310 749 2352 seu
796 2286 1315 2369 Ordinariorum,
1365 2309 1438 2350 ac
1482 2286 1889 2350 Vicariorum
1935 2286 2469 2373 Apostolicorum
2511 2289 2800 2353 iurisdic-

292 2439 297 2443 -
400 2389 608 2470 tione,
670 2388 1155 2476 superioritate‚
1216 2410 1291 2451 ac
1332 2395 1654 2475 potestate
1698 2386 1983 2451 omnium
2004 2436 2023 2467 ,
2071 2396 2136 2450 et
2177 2388 2586 2473 singularum
2641 2388 2802 2454 Civi-

403 2498 641 2571 tatum,
684 2489 1073 2571 Terrarum,
1119 2510 1194 2551 ac
1227 2486 1688 2551 Paroeciarum
1727 2485 1896 2549 intra
1935 2486 2147 2573 Regni
2197 2488 2688 2555 Hannoveriani
2735 2490 2803 2553 li-

402 2590 589 2655 mites
650 2589 1263 2675 comprehensarum
1321 2586 1740 2652 decernimus
1758 2634 1777 2669 ,
1839 2597 2036 2675 prout
2089 2612 2126 2651 a
2165 2588 2282 2652 Pio
2329 2588 2485 2653 VII.
2528 2588 2805 2653 Praede-

403 2711 659 2755 cessere
706 2689 949 2753 Nostro
1000 2687 1411 2774 designatum
1456 2688 1709 2768 fuerat,
1776 2696 1851 2749 ut
1895 2686 2200 2773 Regnum
2262 2688 2478 2775 ipsum
2537 2690 2609 2753 in
2656 2689 2805 2754 duas

404 2790 663 2855 omnino
702 2786 1061 2853 Dioeceses
1104 2812 1140 2851 a
1182 2811 1373 2852 cursu
1414 2788 1698 2853 fluminis
1717 2786 2020 2872 Visurgis
2065 2788 2265 2873 vulgo
2311 2825 2388 2836 —
2431 2788 2682 2854 Weser
2725 2826 2807 2837 —·

398 2889 748 2976 nuncupati
786 2898 1087 2971 tanquam
1131 2888 1263 2952 suis
1309 2887 1622 2952 limitibus
1668 2897 2001 2974 separatus
2049 2888 2390 2971 dividatur,
2437 2890 2528 2953 ita
2571 2898 2648 2953 ut
2687 2889 2802 2953 Pa-

398 2989 653 3054 roeciae
716 2989 799 3052 ad
858 2988 1199 3053 dexteram
1265 2988 1558 3053 eiusdem
1601 2986 1918 3051 Fluminis
1977 2997 2260 3075 partem·
2296 2989 2456 3053 sitae
2502 2990 2801 3055 Dioecesi

394 3088 885 3171 *Hildesimensss
932 3088 1280 3153 Paroeciae
1323 3098 1542 3153 autem
1586 3087 1667 3151 ad
1709 3087 2033 3153 sinistram
2057 3088 2362 3174 Visurgis
2419 3090 2658 3178 Ripam
2691 3112 2798 3177 po-

398 3190 557 3255 sitae
598 3188 905 3254 Dioecesi
962 3189 1453 3275 Osnabrugensi
1511 3188 1872 3275 respective
1937 3188 2390 3273 assignentur,
2447 3198 2650 3277 prout
2705 3212 2796 3253 se-

404 3291 639 3375 quitur,
682 3289 1023 3354 videlicetz
1468 3368 1473 3374 ι

570 3389 778 3475 (XX.)
865 3388 1203 3453 Dioecesis
1249 3386 1745 3453 Hildesimensis
1806 3388 2250 3454 efformabitur
2307 3414 2344 3453 a
2385 3392 2797 3475 sequentibus

400 3490 865 3577 quinquaginta
924 3489 1209 3574 quinque
1258 3488 1743 3555 Parochialibus
1785 3490 2092 3573 Ecclesiis
2134 3491 2216 3554 ad
2257 3490 2470 3577 ipsam
2513 3491 2791 3556 Hildesi-

398 3614 688 3657 mensem
748 3589 1123 3655 Dioecesim
1175 3589 1303 3653 iam
1372 3590 1842 3676 pcrtinentibus
1864 3640 1883 3676 ,
1943 3612 2180 3677 nempe
2236 3630 2322 3638 ——
2381 3590 2678 3656 Achtum
2715 3628 2788 3637 -—

396 3692 647 3757 Adlum
684 3726 771 3739 --
813 3691 1213 3775 Ahrbergen
1256 3726 1333 3737 --
1370 3688 2047 3777 Gros-Algermissen
2078 3726 2166 3738 ——-
2209 3691 2373 3755 Asel
2415 3730 2502 3739 —
2545 3693 2787 3759 Bauen-

398 3792 573 3857 stedt
619 3829 695 3839 -
738 3792 1031 3856 Bettmar
1068 3826 1145 3837 ---
1186 3790 1526 3855 Bilderlah
1567 3826 1654 3841 ——-
1697 3792 2040 3855 Bokenem
2081 3828 2158 3838 -
2207 3790 2484 3855 Bolzum
2527 3830 2606 3840 —-
2637 3792 2787 3856 Bor-

398 3916 539 3957 sum
584 3929 660 3939 —-
704 3892 1001 3956 Dettfurt
1045 3928 1121 3937 -
1174 3891 1506 3976 Dingelbe
1538 3930 1614 3939 -
1660 3892 2044 3957 Dinklar—
2086 3892 2406 3957 Dorstadt
2437 3930 2518 3940 —
2559 3892 2784 3959 Gross-

394 3994 684 4078 Diingen
730 4026 806 4037 —
855 3989 1207 4055 Emmerke
1258 4028 1334 4037 —-
1408 3990 1898 4058 Gross-Giesen
1943 4029 2018 4039 --
2081 3991 2409 4058 Grasdorf
2442 4030 2522 4040 -
2589 3991 2785 4058 Grau-

396 4092 543 4157 hoff
578 4130 655 4139 --
704 4091 971 4157 Gronau
1010 4130 1095 4138 —-
1137 4090 1374 4157 Goslar
1421 4130 1498 4139 -
1561 4093 1845 4157 Harsum
1884 4130 1961 4139 —
2025 4092 2272 4178 Heinig
2318 4128 2394 4139 —-—
2462 4092 2782 4157 Ecclesiae

402 4189 807 4258 Cathedralis
853 4228 929 4239 --
973 4190 1043 4257 S.
1090 4190 1469 4259 Godebardi
1517 4230 1597 4241 --
1641 4191 1712 4259 S.
1756 4192 2190 4278 Magdalenae
2227 4228 2304 4239 ·—-
2353 4190 2608 4258 SSmae
2633 4191 2780 4257 Cru-

400 4293 487 4357 cis
528 4292 595 4357 in
616 4290 890 4356 Civitate
917 4291 1331 4356 Hildesheim
1358 4292 1518 4355 sitae
1543 4329 1619 4341 -
1649 4292 2184 4358 Hennekenrode
2204 4330 2281 4339 —
2317 4292 2779 4357 Himmelsthiir

396 4428 480 4437 -—
515 4391 1017 4457 Hohenhameln
1061 4427 1137 4439 -
1202 4390 1642 4457 Hunnesriick
1703 4428 1780 4439 —
1847 4392 2058 4458 Itzum
2098 4432 2182 4439 —
2237 4389 2672 4481 Lamspringe
2709 4428 2776 4437 —

402 4524 479 4537 --
527 4489 947 4575 Liebenburg
986 4526 1071 4537 —-
1110 4490 1524 4557 Marienrode
1581 4530 1664 4541 -—-
1721 4492 2124 4579 Moritzberg
2169 4528 2248 4540 -
2295 4492 2668 4579 Ottbergen
2705 4526 2778 4539 --
