2959 4984
392 257 499 316 596
570 259 755 314 xcm.
832 258 1263 312 msmuc‘rlo
1310 259 1564 322 QUOAD
1601 259 2060 312 mummolus
2091 260 2322 315 mxu
2353 263 2419 314 A.
2459 258 2615 320 1830.

394 452 553 496 vero
588 429 645 496 si
688 428 833 516 quis
880 449 969 496 ex
1006 436 1283 514 quatuor
1320 425 1666 516 Episcopis
1721 448 1922 517 saepe
1975 413 2348 496 memoratis
2395 431 2636 500 eadem
2669 434 2775 500 illa

400 551 633 598 causae
680 529 1004 616 gravitate
1062 536 1397 618 permotus
1419 579 1439 612 ,
1507 527 1590 594 ab
1647 527 1863 614 aliquo
1928 527 2416 618 praedictorum
2469 533 2780 617 graduum

404 629 562 716 (non
602 639 821 696 tamen
882 627 963 692 ab
1020 629 1163 694 aliis
1222 627 1538 715 gradibus
1560 675 1582 710 ,
1639 649 1854 712 neque
1911 629 1994 694 ab
2055 629 2184 696 alio
2243 631 2474 714 quovis
2523 633 2782 721 impedi—

395 727 642 814 mento)
690 728 773 794 ad
814 728 1289 794 contrahendas
1331 728 1592 816 nuptias
1641 727 1882 795 mixtas
1929 727 2426 818 dispensaverit,
2469 732 2596 796 hoc
2635 754 2782 798 sane

394 825 707 896 Summus
741 827 1053 896 Pontifex
1095 827 1277 892 nuno
1316 849 1606 912 unquam
1649 851 1768 894 suo
1811 837 1960 895 actu
2001 830 2392 916 probaturus
2435 819 2575 914 est,
2629 833 2780 898 tole—

398 928 565 996 rabit
594 937 817 996 tamen
854 927 1059 994 invito
1106 927 1373 1013 quidem
1413 927 1533 992 sed
1571 929 1846 1016 patienti
1867 928 2110 1013 animo,
2149 928 2504 1001 dummodo
2543 935 2783 1022 dispen-

401 1029 563 1096 satio
606 1029 979 1095 huiusmodi
1034 1027 1115 1092 ab
1158 1027 1486 1116 Episcopo
1545 1027 1692 1096 data
1729 1028 1928 1094 fuerit
1965 1029 2138 1096 intra
2188 1040 2448 1120 tempus
2483 1057 2642 1102 mox
2683 1057 2782 1101 ex-

392 1129 765 1220 plicandum
782 1179 803 1214 ,
847 1128 1118 1215 aliisque
1164 1128 1437 1194 servatis
1462 1179 1486 1212 ,
1529 1149 1693 1214 quae
1739 1128 1985 1215 pariter
2021 1129 2218 1196 modo
2269 1131 2778 1201 declarabuntur.

396 1229 726 1298 Nimirum
764 1228 978 1316 primo
1024 1251 1169 1294 cum
1212 1228 1546 1294 facultates
1585 1228 1772 1314 aliae,
1819 1251 1980 1315 quas
2027 1227 2236 1298 Sedes
2263 1232 2652 1320 Apostolica
2687 1236 2782 1300 iis-

398 1329 547 1396 dem
600 1328 945 1418 Episcopis
1008 1327 1321 1412 delegare
1384 1328 1516 1394 iam
1573 1329 1912 1394 consuevit
1962 1352 2084 1417 pro
2143 1333 2570 1398 matrimoniis
2627 1334 2785 1415 inter

398 1430 755 1498 catholicos
794 1427 1117 1510 ineundis,
1158 1427 1243 1493 ad
1286 1428 1664 1514 quinquenii
1706 1439 1966 1517 tempus
2007 1429 2316 1496 definitae
2367 1433 2496 1498 sint
2518 1483 2540 1517 ,
2583 1435 2784 1499 decla-

398 1539 503 1596 rat
550 1529 877 1598 Sanctitas
918 1527 1055 1595 Sua
1094 1527 1496 1616 praedictam
1537 1551 1795 1614 quoque
1859 1529 2270 1596 tolerantiam
2313 1533 2398 1598 ad
2443 1533 2787 1620 quinquen·

396 1630 581 1698 nium
621 1628 1027 1696 solummodo
1071 1629 1153 1694 ab
1194 1628 1319 1693 hac
1362 1628 1469 1694 die
1513 1629 1618 1694 27.
1661 1628 1880 1704 Martii
1919 1629 2086 1696 1830
2122 1630 2570 1700 inchoandum
2615 1636 2784 1701 dura-

399 1738 632 1814 turam,
676 1737 743 1794 et
778 1728 869 1792 ita
914 1727 1197 1812 quidem,
1239 1737 1313 1794 ut
1356 1749 1556 1812 quum
1599 1729 1838 1796 deinde
1882 1728 2220 1796 facultates
2263 1731 2436 1816 illae,
2475 1755 2646 1819 quae
2679 1757 2788 1823 pro

396 1828 823 1896 matrimoniis
866 1828 1038 1894 inter
1081 1827 1433 1894 catholicos
1480 1827 1776 1914 delegari
1825 1829 2050 1896 solitae
2087 1841 2274 1917 sunt,
2311 1833 2398 1898 ad
2439 1834 2622 1900 aliud
2665 1857 2790 1900 rur·

400 1949 509 1994 sus
566 1927 1083 2014 quinquennium
1146 1927 1584 1994 concedantur
1606 1978 1625 2011 ,
1680 1951 1814 1994 non
1861 1938 2082 1996 tamen
2141 1930 2386 1998 idcirco
2463 1935 2791 2002 tolerantia

400 2027 562 2094 haec
601 2037 955 2116 prorogata
1000 2027 1253 2092 censeri
1292 2027 1542 2108 valeat,
1603 2027 1730 2094 nisi
1773 2028 1916 2117 ipsa
1961 2051 2218 2114 quoque
2259 2054 2434 2099 novo
2473 2043 2624 2100 actu
2663 2056 2790 2099 ver-

401 2128 631 2212 bisque
677 2127 1002 2217 expressis
1042 2127 1241 2192 fuerit
1286 2127 1582 2215 repetita.
1623 2127 1905 2216 Insuper
1927 2130 2238 2214 secundo,
2279 2132 2570 2198 decrevit
2611 2135 2790 2200 etiam

402 2226 653 2298 SSmus
692 2227 781 2293 D.
824 2226 909 2294 N.
960 2236 1033 2292 ut
1079 2225 1333 2312 quoties
1374 2249 1497 2315 pro
1539 2226 1950 2294 matrimonio
1993 2229 2200 2296 mixto
2253 2231 2652 2320 dispensatio
2694 2255 2791 2323 pe-

406 2335 579 2394 tatur
614 2351 653 2392 a
692 2326 1007 2416 gradibus
1052 2325 1281 2392 eadem
1327 2327 1670 2392 tolerantia
1713 2328 2221 2416 comprehensis,
2247 2330 2614 2422 Episcopus
2661 2357 2793 2400 con-

402 2427 639 2494 cedere
680 2427 859 2492 illam
904 2437 1207 2512 nequeat,
1244 2427 1370 2492 nisi
1416 2436 1762 2514 postquam
1805 2428 2186 2496 catholicam
2228 2440 2484 2520 partem
2523 2435 2786 2502 edocue-

398 2528 505 2612 rit,
550 2549 867 2612 quaenam
908 2527 1078 2593 circa
1120 2527 1359 2594 mixtas
1400 2527 1774 2594 huiusmodi
1815 2529 2068 2614 nuptias
2109 2553 2432 2598 canonum
2474 2532 2788 2599 sententia

406 2626 521 2712 sit,
573 2637 638 2692 et
677 2627 859 2692 illam
900 2636 1171 2715 paterne
1218 2637 1283 2692 et
1326 2626 1558 2692 sedulo
1591 2626 1978 2695 adhortatus
2021 2628 2222 2696 fuerit
2259 2631 2347 2698 ad
2389 2633 2661 2698 eosdem
2698 2655 2788 2697 re·

403 2726 641 2813 ligiose
686 2727 1143 2793 custodiendos
1164 2779 1185 2813 ,
1258 2726 1714 2810 monueritque
1769 2727 2066 2816 inprimis
2106 2730 2190 2794 de
2229 2731 2620 2816 gravissimo
2663 2754 2784 2798 sce-

401 2827 564 2910 lere,
604 2849 729 2910 quo
772 2827 947 2914 apud
980 2828 1201 2894 Deum
1241 2849 1353 2892 rea
1397 2827 1512 2892 fiet
1533 2877 1554 2910 ,
1599 2825 1653 2893 si
1689 2828 1950 2916 nuptias
1991 2828 2364 2898 huiusmodi
2411 2833 2790 2904 contrahere

404 2926 657 3006 audeat,
701 2948 835 2989 non
873 2926 1227 3012 praemissa
1272 2925 1522 2991 eisdem
1551 2925 1788 2992 idonea
1835 2928 2130 2994 cautione
2173 2931 2256 2996 de
2297 2931 2524 2997 liberis
2561 2934 2790 2998 utrius-

402 3045 527 3110 que
574 3045 769 3088 sexus
809 3023 879 3089 in
918 3017 1259 3110 religionis
1316 3024 1673 3090 catholicae
1732 3027 2070 3094 sanctitate
2115 3031 2376 3098 omnino
2425 3031 2787 3098 educandis».

404 3123 647 3208 Tertio,
688 3134 883 3208 atque
927 3124 981 3188 si
1026 3123 1153 3188 alio
1194 3123 1265 3189 in
1306 3149 1461 3190 casu
1506 3124 1710 3214 (quod
1757 3121 1942 3210 Deus
1983 3131 2262 3215 avertat)
2306 3132 2690 3218 contigerit,
2729 3139 2792 3195 ut

406 3225 789 3314 Episcopus,
836 3223 947 3309 qui
986 3224 1415 3292 instructione
1458 3227 1850 3312 monitisque
1891 3227 2262 3295 huiusmodi
2305 3230 2470 3296 nihil
2511 3232 2792 3319 profece-

405 3326 492 3394 rit
529 3324 609 3389 ad
652 3325 1033 3390 catholicam
1076 3326 1286 3412 ipsam
1324 3335 1580 3414 partem
1637 3328 1716 3392 ab
1757 3326 2056 3416 improbo
2123 3351 2238 3396 suo
2285 3331 2552 3397 consilio
2593 3341 2790 3396 retra·

408 3427 692 3494 hendam
716 3475 735 3508 ,
784 3425 1157 3490 necessitati
1196 3424 1562 3492 cedendum
1599 3425 1842 3492 iudicet
1866 3477 1887 3511 ,
1955 3435 2020 3492 et
2061 3427 2612 3518 dispensationem
2653 3456 2694 3496 a
2731 3453 2796 3496 se

408 3527 851 3611 tribuendam,
922 3525 1211 3612 quamvis
1251 3524 1490 3590 idonea
1532 3525 1645 3590 illa
1699 3526 1782 3590 de
1811 3526 2050 3595 liberis
2095 3529 2406 3596 catholice
2448 3528 2796 3596 educandis

409 3628 620 3693 cautio
680 3650 813 3692 non
879 3626 1299 3692 interveniat:
1354 3627 1578 3693 statuit
1623 3625 1945 3696 Sanctitas
1985 3627 2128 3696 Sua
2149 3679 2170 3712 ,
2233 3638 2310 3694 ut
2365 3638 2503 3694 tum
2543 3649 2797 3714 quoque

407 3727 772 3816 Episcopus
809 3728 952 3815 ipse
996 3717 1375 3814 dispensare
1419 3749 1552 3792 non
1589 3727 1816 3814 possit,
1859 3728 1980 3794 nisi
2008 3751 2131 3816 per
2173 3729 2460 3818 diploma
2489 3729 2798 3816 scriptum

407 3849 520 3893 seu
566 3849 685 3914 per
719 3827 939 3892 literas
982 3825 1337 3892 catholicae
1384 3825 1599 3892 eidem
1642 3827 1812 3916 parti
1854 3828 2242 3914 tradendas,
2283 3829 2396 3896 ubi
2437 3827 2790 3916 perspicuis

54 3919 342 3990 Vs
408 3928 627 3994 verbis
675 3927 1137 3992 denuncietur:
1192 3927 1729 4016 impedimentum
1751 3976 1772 4010 ‚
1831 3927 2008 4012 quod
2054 3928 2298 4016 nuptiis
2347 3928 2662 4010 obstaret,
2701 3925 2796 3990 id-

413 4028 586 4093 circo
630 4037 878 4092 tantum
920 4050 995 4092 eo
1038 4028 1109 4092 in
1147 4051 1297 4094 casu
1339 4027 1644 4110 relaxari,
1685 4048 1774 4093 ne
1817 4027 2116 4112 graviora
2151 4027 2456 4094 scandala
2481 4027 2796 4107 eveniant,

414 4149 490 4190 ac
528 4126 805 4213 proinde
842 4127 1321 4192 matrimonium
1364 4125 1630 4212 quidem
1669 4126 1810 4192 fore
1854 4149 2086 4195 verum
2147 4136 2212 4192 et
2251 4136 2500 4212 ratum,
2559 4127 2674 4192 sed
2713 4135 2800 4190 ta-

412 4247 563 4290 men
603 4234 1013 4312 peccaturam
1058 4227 1439 4313 gravissime
1491 4227 1870 4294 catholicam
1901 4236 2156 4314 partem
2177 4279 2196 4312 ,
2239 4249 2405 4313 quae
2451 4226 2618 4293 illud
2655 4249 2800 4292 con-

412 4325 623 4396 trahat
666 4334 889 4390 contra
928 4325 1194 4410 regulas
1235 4326 1590 4392 catholicae
1633 4325 1992 4412 religionis.
2067 4327 2274 4392 Porro
2321 4349 2520 4412 quum
2565 4325 2798 4392 deinde

418 4421 685 4506 eaedem
726 4423 990 4506 nuptiae
1031 4423 1298 4490 illicitae
1362 4425 1486 4491 hac
1541 4427 1792 4494 ratione
1851 4428 2318 4496 contrahentur
2335 4477 2357 4512 ‚
2421 4448 2558 4492 non
2611 4423 2802 4492 modo
