2959 4984
606 263 851 316 LXXXI.
920 263 1403 318 Facumwms
1434 263 1577 318 PRO
1613 263 1808 318 Fono
1842 263 2201 316 amano.
2483 261 2588 319 511

178 431 297 496 vel
353 427 647 498 favorem
690 427 1159 515 praestiterunt
1170 477 1190 511 ,
1254 435 1600 516 postquam
1641 437 1860 497 tamen
1901 451 1942 493 a
1979 428 2352 515 respectiva
2391 428 2590 498 Secta

178 529 451 596 omnino
506 550 579 594 se
631 527 1079 616 separaverint
1096 578 1116 612 ,
1182 548 1453 616 eamque
1497 528 1566 592 in
1610 528 1908 594 manibus
1952 527 2376 596 Absolventis
2413 533 2589 617 abju-

178 629 475 695 raverint
489 679 509 713 ,
570 629 773 694 libros
788 677 809 711 ,
854 628 1299 715 manuscripta
1314 678 1333 710 ,
1376 649 1453 692 ac
1499 626 1687 712 sig-na
1727 625 1989 694 Sectam
2029 629 2488 718 respicientia,
2533 634 2592 698 si

184 750 359 816 quae
428 729 755 796 retineant
771 780 791 813 ‚
858 727 1255 794 Absolventi
1312 726 1707 792 tradiderint
1763 727 1848 792 ad
1917 727 2344 796 ordinarium
2403 742 2589 798 caute

178 829 707 912 transmittenda,
748 851 825 893 ae
866 849 1065 894 verae
1103 826 1544 914 poenitentiae
1585 828 1776 912 signa
1817 827 2254 915 exhibuerint,
2301 841 2370 896 et
2413 844 2590 922 post—

182 951 386 1016 quam
426 927 669 994 Sectae
712 929 945 998 Socios
988 952 1065 994 ac
1103 926 1455 1014 Magistros
1494 937 1690 1016 prout
1727 927 1812 992 de
1846 929 1996 1014 jure
2036 927 2594 1019 denunciaverint,

182 1039 255 1094 et
300 1027 519 1116 quoad
554 1027 991 1096 Oai-bonarios
1036 1027 1576 1093 denunciaverint
1614 1047 1746 1112 eos,
1782 1028 1870 1092 de
1917 1029 2148 1117 quibus
2187 1031 2258 1094 in
2301 1035 2360 1112 ἓ.
2394 1033 2592 1100 Prae-

178 1128 467 1217 cipimus
508 1128 743 1196 Bullae
794 1127 1160 1194 Ecclesiam
1210 1151 1249 1192 a
1278 1127 1445 1195 Jesu
1464 1125 1728 1192 Christo
1785 1151 1822 1192 a
1865 1129 1976 1192 fel.
2015 1149 2110 1193 re.
2154 1129 2261 1194 Pii
2285 1131 2593 1201 PRVH.

184 1228 431 1312 editae,
474 1237 541 1293 et
582 1251 623 1292 a
658 1227 885 1294 Leone
925 1226 1058 1291 ΡΡ.
1105 1226 1261 1292 XII.
1309 1227 1762 1292 confirmatae:
1822 1227 2112 1312 injuncta
2153 1230 2427 1316 singulis
2471 1255 2594 1320 pro

180 1327 385 1393 modo
426 1327 765 1414 culparum
806 1326 995 1412 gravi
1032 1326 1433 1413 poenitentia
1473 1327 1741 1392 salutari
1777 1349 1928 1392 cum
1963 1328 2331 1416 frequentia
2364 1329 2593 1400 Sacra-

178 1428 493 1494 mentalis
542 1427 1011 1511 confessionis,
1056 1426 1333 1514 aliisque
1374 1424 1686 1512 injunctis
1731 1427 1816 1492 de
1853 1429 2001 1512 jure
2045 1428 2485 1517 injungendis.

337 1527 684 1594 .Volumus
740 1539 813 1594 ut
870 1527 1261 1616 supradictis
1318 1527 1734 1594 facultatibus
1783 1529 1879 1592 uti
1937 1529 2208 1596 valeatis
2259 1531 2344 1598 ad
2387 1535 2595 1617 Quin-

180 1627 569 1716 quennium.

359 1725 607 1792 Datum
646 1727 895 1794 Romae
942 1726 1013 1791 in
1053 1725 1357 1792 Aedibus
1398 1725 1662 1792 Nostris
1707 1725 1814 1792 die
1840 1777 1855 1791 .
1881 1775 1900 1792 .
1927 1777 1942 1792 .

1060 1826 1163 1910 (L.
1205 1823 1307 1910 S.)
1590 1825 1676 1892 N.
1719 1825 1918 1894 Gard.
1962 1827 2048 1894 N.
2075 1877 2090 1894 .
2118 1878 2133 1893 .
2164 1879 2181 1894 .
2217 1830 2308 1897 M.
2351 1832 2426 1902 P.

446 1926 667 1995 Gratis
710 1927 974 2014 ubique.

316 2142 631 2210 LXXXI.
718 2141 1172 2229 Specimen
1212 2139 1643 2205 formulae
1683 2143 2199 2210 facultatum
2245 2150 2472 2235 quin-

658 2239 1241 2328 -quennalium
1282 2261 1431 2326 pro
1477 2241 1670 2306 foro
1715 2252 2102 2309 externo.

362 2393 738 2462 Facultates
785 2413 1133 2458 concessae
1177 2416 1216 2457 a
1262 2388 1387 2458 SS.
1431 2389 1519 2456 D.
1563 2389 1649 2458 N.
1692 2391 1769 2458 R.
1814 2392 1900 2461 D.
1941 2393 2026 2460 N.
2071 2394 2156 2463 N.
2199 2397 2432 2464 Electo

1168 2489 1496 2580 Episcopo
1537 2489 1624 2556 N.

364 2644 426 2708 1.
508 2640 923 2706 Absolvendi
974 2639 1055 2704 ab
1094 2639 1369 2703 Haeresi
1432 2649 1502 2703 et
1565 2639 1888 2726 apostasia
1947 2665 1986 2706 a
2027 2642 2160 2710 fide
2207 2653 2272 2708 et
2314 2669 2353 2710 a
2399 2647 2599 2713 schis-

188 2755 371 2811 mate
416 2762 838 2832 quoscunque
884 2741 1079 2805 etiam
1101 2737 1621 2822 Ecclesiasticos,
1659 2748 1792 2804 tam
1833 2741 2223 2828 saeculares,
2269 2767 2462 2830 quam
2495 2769 2599 2814 re·

189 2846 486 2933 galai-es,
525 2863 660 2907 non
700 2851 921 2906 tamen
964 2861 1098 2923 eOS,
1140 2839 1259 2928 -qui
1304 2860 1393 2903 ex
1430 2839 1604 2904 locis
1648 2839 1915 2924 fuerint,
1959 2841 2072 2906 ubi
2115 2841 2433 2911 Sanctum
2481 2847 2599 2914 Of-

188 2944 421 3012 ficium
477 2951 859 3025 exercetur,
922 2939 1049 3004 nisi
1101 2941 1170 3003 in
1222 2939 1388 3004 locis
1434 2939 1819 3006 Missionum
1837 2992 1858 3026 ,
1920 2943 1988 3007 in
2041 2945 2276 3032 quibus
2329 2946 2600 3035 impune

188 3050 580 3132 grassantur
622 3041 950 3123 haereses,
994 3039 1457 3126 deliquerunt:
1517 3061 1642 3105 nec
1689 3040 1861 3126 illos,
1909 3043 2018 3131 qui
2051 3043 2454 3130 judicialiter
2493 3048 2600 3113 ab·

182 3143 579 3232 juraverint,
618 3141 747 3206 nisi
782 3139 891 3217 isti
930 3140 1065 3206 nati
1113 3139 1241 3204 sint
1276 3139 1391 3203 ubi
1430 3140 1701 3226 impune
1742 3152 2123 3227 grassantur
2160 3143 2490 3233 haereses,
2535 3158 2601 3213 et

190 3248 349 3332 post
400 3241 781 3328 judicialem
840 3241 1313 3326 abjurationem
1365 3240 1525 3305 illuc
1581 3242 1834 3306 reversi
1894 3242 1964 3306 in
2010 3243 2314 3312 haeresin
2359 3247 2602 3314 fuerint

192 3342 469 3430 relapsi,
516 3351 581 3406 et
627 3341 747 3406 hos
792 3342 860 3405 in
904 3341 1047 3406 foro
1092 3341 1532 3406 conscientiae
1573 3349 1842 3405 tantum.

234 3431 241 3435 ’
366 3443 428 3508 2.
514 3441 813 3506 Tenendi
854 3449 919 3506 et
955 3440 1227 3526 legendi
1270 3441 1474 3505 libros
1519 3439 1884 3526 prohibitos
1923 3441 2455 3528 Haereticorum,
2517 3445 2600 3510 ad

194 3541 518 3608 effectum
558 3562 673 3607 eos
704 3539 1153 3628 impugnandi,
1196 3549 1261 3606 et
1288 3539 1450 3604 alios
1480 3539 1972 3627 quomodolibet
1997 3541 2384 3628 prohibitoS,
2420 3565 2603 3631 prae-

194 3652 306 3706 ter
354 3638 581 3725 Opera
626 3639 849 3704 Caroli
888 3640 1183 3723 Molinei,
1234 3639 1490 3708 Nicolai
1535 3638 2030 3725 Macehiavelli,
2091 3640 2451 3707 Historiam
2497 3641 2601 3710 Oi-

196 3741 407 3804 vilem
446 3740 662 3826 Regni
702 3737 1016 3825 Neapolis
1058 3739 1239 3804 Petri
1268 3738 1634 3824 Giannone,
1669 3737 1913 3804 Poema
1953 3740 2340 3827 inscriptum
2380 3741 2443 3806 la
2472 3741 2600 3808 Pu-

196 3839 373 3922 Qelle
418 3837 789 3924 d'Orleans,
830 3849 896 3905 et
936 3839 1179 3904 librum
1221 3840 1327 3906 cui
1366 3839 1596 3905 titulus
1635 3839 1744 3904 De
1784 3839 2075 3927 l’Esprit,
2118 3841 2466 3907 Istruzioni
2495 3843 2603 3910 In-

196 3949 395 4005 torno
438 3939 505 4005 la
548 3938 751 4008 Santa
792 3936 971 4005 Sede
1012 3939 1299 4006 tradotta
1342 3940 1425 4005 de
1464 3940 1794 4006 Francese
1841 3939 2022 4005 1765.
2042 3991 2063 4025 ,
2109 3939 2412 4008 Oeuvres
2453 3942 2604 4007 Phi-

198 4037 633 4125 losophiques
676 4038 760 4104 de
788 4038 1125 4105 Monsieur
1164 4040 1245 4104 de
1272 4040 1338 4104 la
1364 4039 1654 4126 Metti-ie,
1694 4039 1822 4106 Les
1851 4039 2288 4127 ColimaconS,
2332 4041 2606 4130 Abi-ege

202 4137 291 4202 de
333 4136 675 4204 l’Histoire
716 4137 1231 4227 Ecclesiastiquc
1272 4141 1393 4206 sub
1432 4140 1706 4206 mentito
1749 4141 2012 4206 nomine
2055 4141 2138 4206 de
2178 4141 2452 4229 Fleury,
2493 4142 2604 4208 Ri-

204 4237 501 4304 flessioni
560 4239 627 4303 di
690 4262 783 4305 un
839 4239 1113 4306 Italiano
1156 4263 1351 4328 sopra
1394 4241 1459 4306 la
1509 4239 1750 4307 Ohiesa
1790 4242 1860 4305 in
1897 4242 2212 4328 generale
2229 4292 2250 4327 ,
2318 4241 2606 4310 Sisteme

204 4339 293 4407 de
348 4337 421 4410 h
475 4348 748 4424 mmm,
818 4339 869 4404 il
908 4359 1073 4405 vem
1112 4341 1520 4426 Dispotismo
1558 4339 1824 4406 Londra
1866 4342 1942 4406 17
1948 4343 2064 4428 70,
2123 4342 2190 4408 la
2229 4342 2446 4409 raison
2491 4366 2609 4431 par

202 4435 565 4524 Alpa-bet,
596 4437 883 4507 ‚Ioannis
922 4439 1259 4508 Laurentii
1299 4439 1612 4508 Isembiel
1653 4462 1893 4508 novum
1935 4441 2300 4510 Tentamen
2339 4443 2410 4510 in
2450 4443 2606 4511 Pro-
