2959 4984
448 281 758 346 ‚Lxxxm
834 281 1239 336 ENOYOLIGA
1272 283 1373 337 DE
1408 279 1670 336 omnus
1707 277 1954 338 FESTIS
1993 282 2056 334 A.
2092 275 2250 333 1858.
2451 279 2558 334 569

150 447 547 534 friedigung
588 445 971 512 verwendet
1010 444 1301 510 werden.
1356 443 1471 510 Bis
1516 443 1654 510 dies
1695 442 2056 529 geschicht,
2095 443 2304 514 bildet
2345 448 2562 518 dieser

148 550 411 634 Betrag
458 547 608 612 eine
672 547 787 614 auf
842 546 993 610 dem
1034 544 1770 630 Gemoindevermogen
1821 543 2136 612 haftende
2192 549 2561 618 unverzins-

144 649 329 716 liehe
372 645 643 716 Schuld.

208 807 215 816 .
328 751 391 830 ἓ.
427 749 487 814 6.
530 746 729 814 Kann
768 747 873 813 die
900 746 1387 834 Beffiedigung
1420 747 1600 812 eines
1639 744 2315 814 ausserordentlichen
2342 750 2560 818 kirch-

142 850 375 922 lichen
412 847 873 914 Bedtirfnisses
916 848 1141 914 weder
1182 869 1351 934 ganz
1398 847 1570 912 noch
1613 845 1972 914 theilweise
2011 850 2130 914 auf
2168 847 2274 915 die
2316 849 2388 914 in
2431 852 2562 917 den

148 953 261 1034 ἐξ.
306 949 367 1016 3.
410 950 513 1018 bis
552 948 613 1012 5.
658 949 1249 1035 vorgeschriebene
1296 946 1427 1012 Art
1466 946 1768 1033 erfolgen
1787 997 1808 1030 ,
1874 969 1945 1012 so
2009 947 2156 1013 sind
2203 948 2310 1014 die
2357 953 2561 1017 erfor-

148 1050 501 1118 derlichen
541 1047 757 1116 Mittel
794 1048 963 1114 nach
1002 1049 1137 1114 ders
1163 1047 1624 1133 Bestimmung
1660 1046 1784 1112 des
1827 1050 1887 1128 ἓ.
1924 1048 1984 1116 2.
2026 1049 2518 1137 aufzubringen.

326 1152 387 1232 §-
420 1152 477 1214 7.
562 1148 721 1214 Allo
770 1147 1212 1235 allgemeinen
1256 1147 1395 1213 und
1438 1146 1856 1213 besonderen
1894 1146 2350 1216 Vorschriften
2392 1152 2558 1218 iiber

154 1251 271 1318 die
313 1249 857 1338 Verpflichtung‚
924 1248 1031 1314 die
1074 1248 1333 1314 Kosten
1366 1240 1486 1310 'fiir
1530 1246 1637 1311 die
1678 1245 2085 1313 kirchlichen
2127 1249 2556 1318 Bediirfnisse

147 1352 277 1417 der
322 1349 915 1436 Psarrgemeinden
950 1348 1021 1414 in
1062 1347 1560 1434 Ermangelung
1607 1347 1791 1412 eines
1839 1347 2004 1414 dazu
2045 1349 2560 1419 ausreichenden

144 1453 853 1536 Kirchenvermogens
894 1449 1385 1535 aufzubringen,
1428 1447 1723 1533 werden,
1762 1449 1830 1514 in
1873 1450 2104 1516 soweit
2131 1450 2225 1516 sie
2255 1449 2386 1517 den
2409 1473 2557 1518 vor-

146 1553 523 1622 stehenden
560 1551 1115 1636 Bestimmungen‘
1140 1548 1670 1632 zuwiderlaufen,
1705 1569 1929 1616 ausser
1971 1549 2170 1616 Kraft
2205 1561 2476 1636 gesetzt.

329 1652 749 1721 Urkundlich
768 1660 958 1718 unter
979 1649 1273 1718 Unserer
1290 1648 2084 1738 Hsschsteigenhandigen
2111 1650 2556 1720 Unterschrift

147 1753 295 1822 und
343 1752 886 1839 beigedrucktem
930 1750 1379 1837 Koniglichen
1419 1748 1731 1836 Insiegel.

338 1850 665 1938 Gegeben
707 1851 971 1937 Berlin,
1016 1851 1147 1916 den
1192 1852 1290 1916 14.
1332 1849 1514 1916 Mara
1561 1850 1743 1920 1845.

1046 1951 1149 2035 (L.
1194 1948 1297 2036 S.)
1466 1949 1920 2018 Friedrich
1966 1951 2396 2020 wilhelm.

977 2357 1071 2462 E)
1124 2361 1367 2440 Cultus
1416 2365 1760 2461 publicus·

144 2642 541 2712 LXXXIX.
622 2643 755 2710 Pii
796 2643 919 2712 IX.
986 2643 1443 2730 encyclica
1501 2642 1642 2710 die
1683 2643 1746 2710 3„
1793 2643 1988 2730 maji
2036 2641 2196 2711 1858
2253 2643 2558 2710 emissa

302 2744 401 2812 de
466 2743 1061 2832 applicatione
1114 2742 1542 2811 sacrificii
1597 2743 1894 2811 missae
1949 2745 2034 2810 in
2077 2745 2389 2812 diebus

1222 2845 1507 2912 festis·

146 2995 661 3063 Venerabilibus
724 2997 1028 3062 fratribus
1082 2995 1463 3086 patriarchis
1480 3049 1501 3081 ‚
1562 2985 1941 3087 primatibus
1964 3049 1985 3084 ,
2034 2996 2560 3087 archiepiscopiS,

152 3094 486 3186 episcopis
501 3147 523 3182 ,
571 3095 843 3182 aliisque
887 3097 1181 3162 locorum
1226 3096 1567 3162 ordinariis
1610 3097 1887 3185 gratiam
1932 3105 1999 3163 et
2041 3098 2560 3164 communionem

762 3219 908 3261 cum
957 3195 1308 3286 apostolica
1354 3196 1513 3261 sede
1560 3197 1965 3264 habentibus,

683 3345 841 3413 Pius
881 3345 1061 3435 Papa
1100 3345 1221 3413 IX.
1266 3345 1700 3413 venerabiles
1742 3346 2012 3412 Fratres

632 3461 931 3528 Salutem
978 3476 1041 3528 et
1084 3463 1516 3550 apostolicam
1557 3461 2082 3528 benedictionem.

316 3581 767 3649 Amantissimi
808 3579 1267 3668 Redemptoris
1296 3577 1524 3645 Nostri
1556 3578 1803 3646 Christi
1830 3579 1880 3648 J
1882 3601 1996 3645 esu
2025 3579 2370 3667 Unigeniti
2399 3577 2562 3647 Filii

142 3681 281 3750 Dei
326 3690 503 3746 tanta
541 3681 665 3746 fuit
702 3703 861 3768 erga
900 3681 1195 3746 homines
1237 3679 1610 3768 benignitas
1657 3689 1722 3745 et
1769 3681 2019 3764 caritaS,
2058 3691 2154 3766 ut,
2195 3679 2404 3745 veluti
2444 3702 2556 3770 op-

142 3783 309 3847 time
364 3779 567 3846 nostis
584 3833 605 3865 ,
660 3780 1091 3847 Venerabiles
1134 3781 1403 3847 Fratres
1421 3830 1442 3864 ,
1505 3781 1784 3846 humana
1846 3781 2110 3846 indutus
2151 3789 2383 3846 natura
2426 3802 2563 3847 non

143 3882 366 3948 solum
421 3882 831 3947 saevissimos
882 3903 1003 3969 pro
1058 3890 1281 3947 nostra
1336 3882 1543 3947 salute
1591 3879 1915 3947 cruciatus
1962 3880 2556 3968 atrocissimamque

144 3981 359 4048 crucis
401 3991 679 4048 mortem
717 3982 994 4072 perpeti,
1034 4003 1265 4048 verum
1310 3982 1503 4047 etiam
1539 3983 1608 4048 in
1636 3982 2096 4068 augustissimo
2132 3980 2230 4046 sui
2263 3978 2552 4070 corporis

142 4081 615 4168 sanguinisque
657 4093 1056 4149 sacramento
1098 4083 1435 4148 nobiscum
1476 4105 1740 4170 semper
1782 4082 2042 4165 morari,
2085 4105 2161 4147 ac
2204 4103 2324 4147 nos
2365 4103 2560 4169 pera-

143 4189 405 4248 manter
446 4203 715 4270 pascere
758 4193 826 4250 et
864 4183 1113 4249 nutrire
1152 4183 1467 4268 voluerit,
1518 4205 1645 4269 quo
1693 4184 1835 4273 ipse
1883 4181 1952 4246 in
1997 4183 2254 4248 coelum
2295 4181 2559 4249 rediens

144 4283 232 4350 ad
280 4283 619 4349 dexteram
662 4283 873 4352 Patris
916 4308 1035 4351 nos
1089 4292 1155 4350 et
1195 4284 1294 4350 sui
1334 4284 1614 4349 numinis
1655 4283 2062 4373 praesentia,
2129 4291 2195 4348 et
2237 4283 2556 4349 tutissimo

148 4383 505 4474 spiritualis
548 4385 718 4449 vitae
760 4385 1084 4475 praesidio
1131 4385 1580 4450 communiret.
1634 4383 1870 4470 Neque
1914 4393 2255 4451 contentus
2285 4406 2404 4450 nos
2428 4393 2560 4451 tam

152 4483 403 4572 insigni
460 4507 539 4551 ac
594 4488 792 4574 plane
856 4486 1071 4553 divina
1130 4485 1441 4551 dilexisse
1500 4484 1799 4568 caritate,
1859 4485 2179 4552 beneficia
2217 4483 2552 4554 benefieiis
