2959 4984
879 388 882 391 q
965 320 1241 371 KARom
1278 320 1513 371 MAGNI
1554 322 1616 371 A.
1652 318 1775 373 789.
2528 322 2601 375 69

190 488 438 551 Ioanne
489 486 820 573 apostolo,
883 484 1031 569 quia
1076 484 1254 549 Deus
1299 487 1545 549 caritas
1588 498 1699 547 est.
1784 484 1952 549 Item
1992 483 2133 572 ipse
2176 486 2496 553 Dominus
2536 488 2606 553 in

195 587 584 672 evangelio:
651 586 802 674 Eyo
845 608 986 648 sum
1031 587 1140 648 via
1185 598 1245 648 et
1289 587 1549 649 veritas.
1639 584 1803 649 Ideo
1850 584 1959 668 qui
2002 585 2071 649 in
2108 585 2379 650 veritate
2419 586 2604 669 iurat,

194 688 265 750 in
304 688 454 751 Deo
499 688 685 751 iurat.
762 686 930 751 Item
971 684 1328 750 cavendum
1373 694 1471 749 est
1514 706 1597 749 ne
1642 684 1940 749 farisaica
1984 686 2441 773 superstitione
2488 688 2601 751 ali-

195 786 340 870 quis
403 787 553 874 plus
615 808 841 850 aurum
905 786 1186 850 honoret
1243 807 1430 869 quam
1498 784 1737 866 altare3
1804 806 1887 848 ne
1930 784 2101 849 dicat
2142 786 2201 850 ei
2244 786 2606 851 Dominus:

195 884 418 949 Stulte
469 899 529 947 et
572 908 794 965 caece,
847 886 1005 973 quid
1047 900 1141 949 est
1191 888 1439 963 maim,
1489 906 1723 947 aurum
1769 908 1850 947 an
1900 885 2115 949 altare
2164 889 2336 975 quod
2374 892 2611 953 sancti·

179 986 352 1071 fleat
389 1010 619 1049 aurum
640 986 670 1048 ‚2
714 982 852 1051 Sed
879 994 946 1049 et
980 986 1168 1050 nobis
1194 986 1539 1049 honestum
1564 984 1861 1065 videtur,
1900 994 1973 1047 ut
2003 984 2111 1069 qui
2140 985 2207 1050 in
2236 988 2465 1052 sanctis
2493 990 2605 1053 ha—

199 1090 350 1151 beat
382 1086 619 1168 iurare,
647 1086 774 1150 hoc
815 1085 1071 1151 ieiunus
1101 1086 1309 1167 faciat,
1351 1107 1497 1148 cum
1527 1084 1701 1148 omni
1729 1084 2067 1148 honestate
2098 1093 2163 1149 et
2196 1084 2425 1151 timore
2455 1088 2604 1153 Dei.

191 1186 280 1251 Et
341 1186 503 1250 sciat
563 1208 634 1250 se
691 1185 1006 1250 rationem
1053 1184 1462 1249 redditurum
1502 1185 1651 1249 Deo
1696 1184 2198 1269 uniuscuiusque
2242 1186 2603 1273 iuramenti,

193 1288 591 1371 ubicumque
625 1288 726 1369 sit,
767 1286 902 1351 sive
928 1287 1095 1351 intra
1121 1286 1522 1367 aecclesiam,
1566 1286 1699 1349 sive
1747 1294 1930 1349 extra
1966 1285 2363 1351 aecclesiam.
2406 1286 2494 1351 Et
2530 1296 2603 1353 ut

193 1388 486 1477 parvuli,
559 1387 669 1471 qui
725 1388 865 1451 sine
919 1386 1282 1453 rationabili
1325 1395 1532 1451 aetate
1578 1395 1725 1451 sunt
1743 1435 1762 1469 ,
1827 1409 1958 1451 non
2006 1397 2318 1473 cogantur
2358 1388 2593 1472 iurare,

195 1489 364 1553 sicut
405 1487 860 1572 Guntbodigni
903 1487 1161 1551 faciunt.
1255 1486 1341 1551 Et
1381 1487 1491 1571 qui
1539 1487 1743 1551 semel
1783 1478 2145 1575 periuratus
2185 1487 2414 1570 fuerit,
2480 1511 2605 1555 neo

192 1589 378 1654 testis
421 1589 506 1653 sit
540 1588 869 1676 posthaec,
907 1610 1031 1652 nec
1071 1589 1155 1650 ad
1187 1597 1657 1652 sacramentum
1688 1587 1971 1670 accedat,
2013 1588 2233 1653 necin
2262 1611 2374 1653 sua
2414 1612 2603 1655 causa

191 1690 302 1753 vel
341 1688 608 1753 alterius
653 1687 896 1752 iurator
934 1687 1187 1753 existat.

1194 1854 1603 1912 OMNIBUS.

360 1978 606 2043 LXIV.
691 1978 862 2043 Item
921 1978 1234 2043 habemus
1301 1977 1372 2043 in
1431 1978 1587 2063 lege
1646 1978 1915 2043 Domini
1968 1978 2376 2044 mandatum:
2444 1977 2599 2043 Non

193 2080 648 2167 auyuriamini
665 2101 690 2158 ,·
733 2087 800 2141 et
837 2077 906 2141 in
950 2077 1476 2144 deuteronomio:
1550 2076 1752 2143 Nemo
1799 2082 1885 2143 sit
1932 2081 2048 2167 qui
2086 2082 2334 2143 ariolos
2384 2082 2603 2145 sothei-

196 2194 386 2259 tetur,
431 2179 540 2242 vel
581 2181 832 2242 somnia
879 2178 1190 2257 observet,
1234 2178 1339 2241 vel
1383 2178 1474 2241 ad
1512 2182 1797 2265 auquria
1840 2180 2154 2243 intendat.
2236 2180 2443 2245 Item:
2499 2177 2601 2243 Ne

191 2286 276 2347 sit
320 2281 670 2359 maleficus,
714 2301 831 2341 nec
875 2280 1270 2355 incantator,
1315 2300 1433 2341 neo
1471 2279 1768 2363 pitho-nes
1802 2280 2157 2343 consultor.
2222 2279 2381 2344 Ideo
2414 2302 2599 2367 prae-

197 2381 472 2469 cipimus
515 2388 592 2444 ut
631 2379 1068 2465 cauculatores
1110 2400 1232 2441 nec
1281 2378 1730 2461 incantatoreS,
1768 2400 1891 2442 nec
1930 2379 2329 2466 tempestarii
2354 2381 2463 2444 vel
2490 2383 2598 2447 ob-

193 2484 510 2569 ligatores
576 2502 708 2545 non
751 2480 944 2561 fiant3
1013 2488 1076 2543 et
1113 2478 1504 2562 ubicumque
1550 2488 1733 2560 sunt,
1774 2479 2234 2561 emendentur,
2276 2480 2385 2544 vel
2425 2480 2600 2545 dam—

196 2592 458 2647 nentur.
539 2580 708 2645 Item
767 2580 849 2644 de
907 2578 1244 2645 arboribus
1305 2578 1414 2643 vel
1484 2578 1688 2665 petris
1742 2578 1851 2642 vel
1892 2579 2211 2663 fontibus,
2256 2579 2366 2647 ubi
2404 2582 2603 2667 aliqui

197 2681 378 2746 stulti
416 2677 762 2744 luminaria
815 2677 923 2741 vel
961 2677 1117 2741 alias
1174 2677 1661 2742 observationes
1722 2678 1981 2762 faciunt,
2032 2680 2291 2744 omnino
2336 2682 2600 2746 manda-

193 2806 377 2864 mus,
421 2789 498 2845 ut
536 2779 662 2844 iste
704 2778 1023 2868 pessimus
1067 2800 1220 2841 usus
1264 2786 1330 2841 et
1369 2778 1519 2842 Deo
1566 2778 1969 2862 execrabiliS,
2010 2780 2376 2867 ubicunque
2418 2781 2597 2847 inve—

196 2882 433 2965 niatur,
487 2880 750 2945 tollatur
793 2888 860 2943 et
903 2878 1272 2943 distruatur.

1200 3017 1610 3073 OMNIBUS.

371 3139 584 3205 LXV.
669 3139 838 3205 Item
895 3139 1256 3227 praedicari
1315 3162 1586 3205 necesse
1654 3149 1789 3222 est,
1858 3148 2166 3226 quantum
2220 3140 2463 3205 malum
2508 3142 2591 3206 sit

200 3242 424 3307 odium
472 3242 580 3305 vel
617 3243 899 3325 invidia3
947 3242 1096 3327 quia
1157 3241 1226 3306 in
1265 3243 1420 3328 lege
1465 3242 1774 3329 scriptum
1816 3250 1946 3307 est:
2014 3236 2165 3305 Non
2207 3244 2423 3307 oderis
2457 3242 2601 3327 fra-

203 3360 366 3409 trem
414 3358 589 3409 tuum
637 3346 706 3405 in
755 3344 950 3406 corde
997 3356 1126 3421 tua,
1174 3344 1292 3405 sed
1329 3341 1592 3427 publice
1638 3366 1839 3427 arque
1882 3366 2040 3405 eum.
2108 3342 2278 3407 Item
2321 3345 2599 3421 Ioannes

199 3444 653 3530 Evangelista:
701 3441 833 3519 Qui
875 3443 1013 3507 odit
1031 3440 1326 3528 fratrem
1359 3466 1560 3523 suum,
1610 3443 1936 3507 homicida
1966 3456 2075 3507 est.
2120 3443 2287 3509 Item
2316 3444 2386 3509 in
2418 3467 2606 3509 evan-

199 3546 416 3631 gelio:
465 3544 552 3607 Si
579 3546 952 3629 peccaverit
993 3547 1065 3607 in
1108 3557 1166 3607 te
1193 3542 1424 3629 frater
1471 3557 1640 3623 tua-9,
1686 3544 1867 3624 vade,
1914 3557 1974 3627 et
2020 3548 2279 3630 corripe
2328 3568 2469 3607 eum
2510 3548 2605 3607 in-

207 3659 302 3709 ter
349 3658 410 3707 te
457 3658 517 3707 et
561 3647 774 3729 ipsum
813 3645 1056 3707 solum:
1100 3654 1166 3707 et
1207 3654 1460 3709 caetera
1504 3666 1667 3728 quae
1710 3644 1799 3710 ibi
1830 3644 2158 3729 leguntur.
2202 3643 2308 3708 De
2338 3642 2603 3708 avaritia

201 3756 420 3811 autem
481 3746 844 3833 apostolum
881 3744 1164 3831 legimus
1210 3745 1574 3810 dicentem:
1644 3744 1990 3826 Avaritia,
2058 3768 2219 3831 quae
2264 3756 2356 3806 est
2400 3743 2607 3806 idolo-

202 3870 344 3911 rum
383 3848 683 3925 sev-vitata,
729 3845 1016 3909 cavenda
1057 3855 1172 3911 est.
1214 3846 1320 3911 De
1368 3844 1887 3932 concupiscentia
1927 3866 2082 3908 vero
2116 3844 2379 3930 legitur,
2425 3841 2601 3926 quod

201 3946 390 4011 radix
452 3945 537 4009 sit
581 3946 866 4010 omnium
907 3946 1243 4014 malorum.
1327 3946 1412 4011 Et
1450 3946 1521 4009 in
1562 3945 1750 4031 lege:
1815 3942 1965 4009 Non
2010 3946 2423 4029 concupisces
2466 3965 2603 4006 rem

201 4047 498 4128 proximi
539 4048 650 4109 tui.

925 4196 1418 4265 EPISOOPIS,
1474 4195 1880 4251 OMNIBUS.

375 4316 622 4383 LXVI.
707 4317 876 4383 Item
918 4328 991 4382 ut
1032 4316 1382 4383 homicidia
1424 4318 1591 4382 infra
1633 4316 1928 4405 patriam,
1978 4314 2141 4378 sicut
2183 4312 2251 4377 in
2295 4313 2449 4399 lege
2493 4312 2605 4377 do-

213 4418 362 4481 mini
404 4418 821 4483 interdictum
869 4428 1003 4501 est,
1045 4442 1166 4483 nec
1208 4442 1396 4483 causa
1435 4418 1699 4483 ultionis
1742 4438 1865 4481 nec
1906 4413 2207 4505 avaritiae
2251 4435 2371 4478 nec
2408 4414 2599 4481 latro-

215 4518 459 4585 cinandi
515 4542 649 4587 non
705 4520 881 4584 fiant.
965 4520 1052 4585 Et
1106 4520 1497 4605 ubicumque
1554 4518 1816 4582 inventa
1860 4516 2134 4598 fuerint,
2200 4540 2239 4579 a
2277 4514 2598 4579 iudicibus
