2959 4984
861 281 976 330 LV.
1050 280 1296 331 BULLA
1335 280 1401 330 D.
1441 277 1526 331 16.
1568 274 1889 331 AUGUSTI
1928 274 2085 331 1821.
2592 276 2696 331 331

291 450 450 515 dato
509 448 814 513 antedicti
872 447 1075 533 Regis
1133 446 1769 533 Wirtembergensis
1834 446 1939 511 die
1999 446 2249 511 decima
2314 444 2709 511 Novembris

295 550 454 615 anni
479 548 805 613 millesimi
847 547 1370 632 octingentesimi
1410 546 1713 632 vigesimi
1758 548 2050 613 confecto
2072 596 2092 630 ,
2151 546 2261 631 qui
2306 543 2571 630 quidem
2612 544 2704 609 ita

289 673 332 713 a
371 648 708 737 praedicto
751 648 1174 733 Exequutore
1219 646 1553 712 dividendi
1606 656 1797 712 erunt
1820 697 1840 729 ,
1906 656 1981 711 ut
2020 645 2395 735 Episcopali
2438 666 2701 709 mensae

290 748 528 813 decem
571 748 750 811 mille
793 746 1022 813 floreni
1049 796 1069 830 ,
1143 747 1412 812 Decano
1461 746 1741 835 Capituli
1800 747 2081 812 bismille
2123 755 2401 831 quatuor
2442 754 2702 810 centum

293 846 551 929 floreni,
578 846 928 931 unicuique
970 870 1056 913 ex
1098 869 1218 912 sex
1237 845 1579 912 Canonicis
1606 848 1837 913 floreni
1870 846 2049 912 mille
2086 846 2465 931 octingenti,
2490 847 2703 934 primo

297 970 335 1013 e
378 968 504 1012 sex
545 946 1004 1013 Praebendatis
1053 946 1284 1011 floreni
1343 946 1699 1032 nongenti,
1764 947 2029 1013 cuilibet
2088 967 2175 1010 ex
2234 944 2375 1011 aliis
2419 944 2703 1030 quinque

295 1047 768 1113 Praebendatis
828 1047 1059 1113 floreni
1108 1046 1463 1133 octingenti
1494 1095 1513 1129 ,
1570 1046 1879 1111 Fabricae
1924 1044 2332 1112 Cathedralis
2374 1042 2704 1109 Ecclesiae

299 1158 369 1212 et
413 1147 878 1213 manutentioni
927 1148 1202 1213 aliorum
1241 1145 1687 1211 aedificiorum
1732 1145 1964 1210 floreni
2006 1145 2187 1211 mille
2232 1153 2507 1228 quatuor
2552 1166 2699 1209 cen-

299 1255 484 1329 tum,
559 1244 919 1313 Seminario
975 1246 1384 1312 Dioecesano
1443 1245 1676 1310 floreni
1732 1254 1875 1309 octo
1941 1244 2121 1309 mille
2178 1243 2493 1329 nonginta
2550 1244 2698 1327 due,

305 1344 748 1413 Cancellariae
789 1345 1159 1434 Episcopali
1203 1346 1432 1410 floreni
1479 1366 1601 1409 sex
1638 1344 1816 1410 mille
1858 1345 2175 1431 nongenti
2238 1352 2305 1409 et
2346 1343 2701 1423 sexdecim,

302 1444 684 1511 Cathedrali
752 1445 1085 1510 Ecclesiae
1141 1467 1260 1533 pro
1299 1444 1499 1510 divini
1541 1445 1749 1510 cultus
1794 1445 2099 1533 expensis
2139 1443 2371 1510 floreni
2418 1444 2701 1510 bismille

295 1555 560 1609 centum
603 1555 670 1610 et
707 1544 1191 1630 quinquaginta,
1227 1566 1349 1633 pro
1377 1545 1637 1611 aedituo
1670 1543 1941 1629 aliisque
1970 1544 2306 1609 Ecclesiae
2340 1544 2699 1610 inservien-

297 1646 473 1711 tibus
517 1646 748 1709 floreni
791 1644 1166 1731 octingenti,
1215 1653 1280 1709 et
1327 1644 1844 1733 Archiepiscopo
1884 1644 1939 1707 F
1941 1644 2332 1731 riburgensi,
2372 1652 2697 1729 tamquam

303 1745 830 1834 Meti-cpolitano,
877 1743 1232 1829 octingenti
1280 1744 1621 1830 sexaginta
1664 1753 1939 1829 quatuor
1968 1744 2201 1809 florcni
2224 1744 2551 1809 annuatim
2584 1746 2697 1810 ob-

295 1845 582 1911 veniant.
635 1844 833 1929 Quod
873 1843 930 1908 si
973 1842 1280 1909 Decanus
1320 1845 1402 1909 ad
1443 1868 1675 1909 munus
1720 1844 1914 1909 etiam
1954 1844 2201 1910 Vicarii
2232 1844 2575 1912 Generalis
2616 1847 2699 1911 ab

298 1944 631 2033 Episcopo
685 1944 986 2031 eligatur,
1030 1943 1138 2007 alii
1165 1944 1396 2009 floreni
1437 1944 1619 2009 mille
1662 1954 1727 2009 et
1768 1954 2026 2010 centum
2064 1944 2188 2032 ipsi
2230 1955 2419 2011 erunt
2455 1946 2701 2035 persol-
2772 1944 2779 1951 ’

298 2046 538 2111 vendi:
583 2045 637 2109 si
679 2066 836 2110 vero
883 2043 1166 2133 simplex
1188 2041 1553 2111 Canonicus
1590 2045 1982 2134 Capitularis
2026 2046 2109 2111 ad
2148 2047 2553 2135 praedictum
2589 2046 2703 2112 Vi-

301 2146 460 2213 carii
494 2144 840 2213 Generalis
883 2168 1118 2210 munus
1159 2147 1239 2211 ab
1281 2144 1611 2234 Episcopo
1656 2144 2125 2232 designabitur,
2172 2147 2387 2213 eidem
2428 2147 2706 2212 floreno-

301 2269 454 2311 rum
495 2245 677 2311 mille
717 2246 1281 2334 septingentorum
1309 2255 1730 2332 augmentum
1757 2246 2158 2312 attribuetur.
2202 2247 2555 2312 Praeterea
2583 2270 2705 2335 pro

299 2345 698 2412 habitatione
743 2344 1090 2433 Episcopi,
1134 2366 1386 2433 proque
1429 2345 1628 2412 Curia
1667 2345 2040 2435 Episcopali
2066 2396 2085 2429 ,
2133 2346 2398 2415 domum
2438 2346 2507 2411 in
2550 2348 2700 2413 civi·

209 2496 222 2505 .
305 2456 438 2511 tate
480 2445 918 2531 Rottenburgi
972 2468 1199 2511 versus
1256 2446 1496 2511 vallem
1536 2445 1757 2512 Nicari
1800 2445 1987 2512 sitam
2006 2495 2027 2530 ,
2084 2446 2540 2512 Praefecturae
2580 2442 2705 2511 Re-

307 2547 462 2633 giae
501 2554 690 2611 antea
735 2545 1135 2628 destinatam,
1179 2569 1326 2610 cum
1365 2546 1699 2612 adiacente
1742 2546 1953 2629 horto,
1992 2570 2069 2611 ac
2109 2546 2517 2635 pertinentiis
2554 2546 2704 2630 suis,

301 2669 430 2735 pro
477 2645 872 2711 habitatione
912 2646 1163 2713 Decani
1209 2645 1512 2734 Capituli,
1560 2668 1681 2711 sex
1711 2645 2202 2729 Canonicorum,
2248 2656 2315 2711 et
2356 2666 2479 2711 sex
2510 2648 2704 2713 Prae-

299 2745 736 2813 bendatorum
781 2746 936 2810 alias
981 2746 1209 2811 domos
1251 2746 1320 2810 in
1357 2746 1692 2834 praedicto
1732 2747 2158 2812 instrumento
2184 2746 2429 2835 pariter
2468 2745 2706 2811 descri-

307 2855 456 2935 ptas
479 2894 500 2928 ,
565 2868 688 2911 nec
752 2869 884 2911 non
923 2869 1044 2936 pro
1094 2845 1458 2913 Seminario
1501 2846 1872 2935 Episcopali
1917 2848 2179 2935 praevia
2236 2846 2697 2935 suppressione

307 2944 688 3011 Conventus
750 2946 904 3011 olim
961 2946 1296 3013 inhabitati
1362 2970 1398 3009 a
1437 2945 1773 3012 Fratribus
1840 2946 2107 3015 Ordinis
2154 2948 2395 3013 Beatae
2454 2946 2698 3013 Mariae

305 3045 605 3132 Virginis
648 3046 732 3111 de
777 3046 1000 3112 Monte
1045 3045 1348 3112 Carmelo
1372 3096 1392 3128 ,
1453 3045 1719 3111 domum
1772 3048 1975 3135 ipsius
2020 3048 2344 3133 quondam
2390 3046 2707 3115 Coenobii

299 3145 387 3211 ad
423 3145 735 3211 Nicarum
784 3146 969 3211 sitam
1017 3147 1085 3211 in
1126 3144 1472 3213 Seminarii
1504 3143 1909 3213 Clericorum
1952 3170 2143 3212 usum
2185 3146 2548 3236 respective
2592 3146 2703 3211 ad-

299 3246 431 3313 dici
473 3247 872 3312 mandamus.

475 3346 752 3432 (XVII.)
840 3344 1244 3435 Episcopalis
1283 3346 1577 3412 Ecclesia
1606 3346 2097 3433 Limburgensis
2142 3346 2455 3433 gaudebit
2494 3345 2703 3428 bonis,

311 3446 551 3530 fundis,
601 3447 896 3512 censibus
921 3496 939 3529 ,
993 3446 1258 3512 decimis
1303 3447 1575 3532 aliisque
1614 3444 1976 3515 redditibus
1996 3497 2015 3531 ,
2071 3471 2346 3513 annuam
2388 3469 2703 3512 summam

303 3546 840 3614 constituentibus
883 3547 1118 3633 viginti
1159 3547 1350 3613 unius
1393 3547 1668 3613 millium
1712 3557 2092 3615 sexcentum
2136 3570 2256 3614 sex
2290 3548 2705 3630 florenorum,

291 3655 490 3735 prout
530 3656 800 3734 apparet
845 3668 927 3711 ex
976 3648 1402 3713 instrumento
1449 3648 1533 3712 de
1576 3648 1840 3735 speciali
1884 3646 2183 3711 mandato
2228 3647 2430 3711 Ducis
2460 3646 2702 3711 Nasso-

296 3746 440 3811 viae
486 3746 594 3811 die
637 3747 824 3811 tertia
886 3747 1165 3812 Ianuarii
1229 3749 1543 3813 currentis
1602 3748 1753 3814 anni
1797 3746 2125 3812 millesimi
2182 3746 2703 3832 octingentesimi

298 3844 601 3931 vigesimi
648 3848 841 3934 primi
885 3849 1199 3930 confect0,
1249 3868 1411 3932 quae
1461 3848 1727 3935 quidem
1767 3848 2064 3913 redditus
2090 3846 2475 3931 Exequutor
2517 3868 2703 3935 prae-

306 3945 516 4011 dictus
559 3945 648 4010 ita
691 3946 1073 4029 distribuet,
1135 3956 1210 4011 ut
1268 3947 1338 4013 in
1380 3949 1675 4035 singulos
1730 3971 1931 4014 annos
1988 3947 2331 4014 obveniant
2375 3947 2700 4036 Episcopo

313 4046 546 4112 floreni
599 4068 720 4112 sex
760 4047 960 4131 mille,
1007 4048 1276 4113 Decano
1321 4038 1615 4137 Capituli‘
1644 4048 1928 4114 bismille
1972 4057 2244 4134 quatuor
2288 4057 2547 4113 centum
2589 4048 2706 4112 flo—

297 4146 438 4211 reni
461 4196 482 4229 ,
537 4146 748 4235 primo
811 4146 1136 4213 Canonico
1155 4198 1176 4231 ,
1245 4148 1354 4235 qui
1406 4148 1600 4215 simul
1639 4149 1969 4214 Parochus
2008 4148 2501 4235 Limburgensis
2560 4148 2700 4232 erit,

299 4246 530 4312 floreni
571 4247 753 4312 mille
797 4248 1186 4333 octingenti,
1255 4250 1541 4315 secundo
1587 4248 1912 4315 Canonico
1955 4248 2187 4314 floreni
2228 4248 2473 4337 pariter
2518 4248 2699 4313 mille

299 4346 686 4433 octingenti,
745 4345 936 4413 tertio
987 4346 1312 4415 Canonico
1342 4398 1362 4432 ,
1424 4349 1534 4433 qui
1580 4350 1772 4414 simul
1816 4348 1940 4414 erit
1980 4349 2310 4416 Parochus
2361 4348 2693 4415 Ecclesiae
2741 4387 2756 4398 ·

301 4444 820 4515 Dietkirchensis
834 4496 854 4531 ,
919 4448 1153 4515 floreni
1189 4450 1347 4515 item
1390 4449 1572 4515 mille
1617 4450 2004 4537 octingenti,
2070 4459 2321 4537 quarto·
2348 4448 2695 4532 Canonico,
