2959 4984
356 302 545 354 XVIII.
616 301 922 353 EUGENII
964 301 1055 352 IV.
1094 301 1343 354 BULLA
1376 303 1504 352 DIE
1539 302 1658 352 vn.
1693 299 1896 352 FEBR.
1939 299 2001 348 A.
2039 293 2197 350 1447.
2373 293 2478 350 109

132 465 342 529 cedere
397 465 660 530 valeant
702 463 925 548 eisque
966 463 1035 529 in
1072 464 1313 530 Iuditio
1357 473 1423 529 et
1464 472 1650 528 extra
1688 465 1884 551 plena
1924 461 2120 543 fides,
2158 461 2324 525 sieut
2367 459 2490 525 ori-

124 563 416 650 ginalibus
482 562 711 627 litteris
776 585 898 650 per
944 565 1157 629 omnia
1209 566 1592 650 prebeatur,
1655 559 1872 650 Super
1935 560 2224 626 ecelesiis
2277 568 2493 626 autem

123 663 479 730 Treverensi
536 671 604 726 et
655 660 1031 728 Coloniensi
1100 663 1182 726 de
1242 663 1474 748 quibus
1535 663 1604 727 in
1649 662 2066 750 petitionibus
2107 660 2312 746 Regis
2354 659 2490 724 Ar-

124 762 488 851 chiepiscopi
552 760 1068 846 Maguntinensis
1134 771 1201 826 et
1262 762 1658 828 Marchionis
1717 762 2116 848 prefatorum
2189 758 2490 848 specialis

124 872 207 925 est
253 862 497 948 positus
556 861 861 926 articulus
912 883 1033 950 per
1093 863 1251 927 alias
1304 872 1558 927 nostras
1603 861 1881 928 Litteras
1944 861 2226 947 desuper
2289 859 2494 923 editas

122 961 461 1048 specialiter
503 960 906 1048 providimus
952 971 1146 1049 prout
1184 962 1256 1026 in
1304 960 1397 1026 eis
1442 961 1634 1026 latius
1683 959 2084 1041 continetur,
2149 959 2246 1026 Ut
2283 968 2498 1027 autem

122 1060 407 1146 premissa
459 1082 537 1124 eo
594 1059 843 1124 firmius
890 1063 1315 1126 observentur
1358 1084 1479 1148 pro
1523 1060 1708 1126 nobis
1756 1068 1822 1124 et
1863 1058 2342 1123 suecessoribus
2385 1079 2499 1122 no-

123 1159 247 1224 stris
283 1159 587 1225 Romam's
650 1159 1063 1248 pontificibus
1126 1162 1209 1225 de
1252 1160 1744 1226 Venerabilium
1803 1159 2076 1223 fratrum
2129 1167 2499 1222 nostrorum

124 1269 314 1326 sancte
343 1261 674 1326 Romanae
720 1261 995 1325 ecclesie
1028 1259 1471 1326 Cardinalium
1513 1259 1780 1324 consilio
1829 1267 1896 1323 et
1933 1279 2202 1323 assensu
2231 1256 2500 1344 pollice-

124 1382 245 1424 mur
285 1359 499 1424 omnia
546 1368 612 1422 et
648 1359 907 1445 singula
948 1361 1318 1448 supradicta
1350 1359 1812 1425 inviolabiliter
1856 1360 2203 1424 observare
2249 1365 2314 1420 et
2353 1378 2500 1421 con—

124 1468 206 1522 tra
264 1481 334 1523 ea
388 1460 502 1523 vel
544 1459 831 1546 ipsorum
880 1458 1143 1544 aliquod
1188 1460 1256 1524 in
1300 1469 1433 1524 tota
1478 1460 1586 1523 vel
1629 1459 1698 1523 in
1739 1469 1926 1544 parte
1971 1457 2154 1522 nullo
2195 1478 2501 1546 umquam

127 1569 412 1646 tempore,
455 1559 799 1645 quicquam
847 1560 1178 1641 innovare,
1226 1569 1289 1624 et
1334 1558 1510 1645 quod
1549 1559 1734 1625 nobis
1776 1559 1976 1624 licere
2019 1581 2152 1624 non
2193 1560 2492 1647 patimur,

128 1659 349 1724 eisdem
410 1660 891 1726 suecessoribus
950 1660 1343 1742 indicamus,
1414 1659 1842 1724 decernentes
1908 1681 1994 1724 ex
2033 1683 2204 1726 nunc
2243 1659 2496 1724 irritum

132 1767 186 1821 et
231 1759 413 1824 inane
458 1759 517 1822 si
560 1781 743 1824 secus
784 1782 982 1847 super
1024 1758 1147 1824 hiis
1196 1785 1233 1823 a
1276 1781 1596 1844 quoquam
1617 1799 1626 1804 -
1646 1760 1846 1824 eciam
1890 1761 2110 1844 quavis
2151 1759 2502 1848 apostolica

130 1860 479 1924 auctoritate
511 1859 791 1924 scienter
822 1860 930 1924 vel
960 1859 1337 1946 ignoranter
1370 1859 1714 1944 eontigerit
1745 1860 2130 1948 attemptari,
2172 1859 2504 1945 Quinymo

132 1957 175 2020 si
212 1957 519 2024 adversus
559 1960 879 2046 premissa
916 1959 1131 2024 littere
1178 1960 1392 2044 alique
1438 1969 1552 2024 aut
1591 1959 1912 2042 mandata,
1957 1959 2040 2024 ad
2068 1961 2505 2045 cuiuscunque

126 2057 464 2124 instantiam
508 2060 617 2123 vel
658 2060 863 2124 eciam
902 2059 955 2123 si
996 2069 1178 2125 motu
1218 2061 1486 2148 proprio
1529 2082 1645 2124 seu
1683 2082 1769 2126 ex
1798 2069 1972 2126 certa
2001 2060 2266 2126 seientia
2297 2061 2500 2124 eciam

130 2179 253 2222 cum
309 2158 744 2244 derogatoriis
816 2159 1122 2225 clausulis
1160 2162 1307 2226 *sub
1366 2182 1746 2246 quacunque
1803 2163 2154 2226 verborum
2212 2161 2423 2226 forma
2467 2184 2504 2223 a

128 2259 289 2322 nobis
299 2308 318 2340 ,
380 2281 501 2323 seu
560 2269 781 2324 nostra
828 2261 1201 2325 auctoritate
1218 2309 1238 2342 ,
1299 2270 1409 2325 aut
1468 2263 1549 2327 ab
1619 2261 1744 2325 alio
1802 2261 2028 2345 quovis
2085 2269 2510 2342 emanassent,

131 2378 227 2420 seu
275 2358 341 2422 in
381 2360 675 2425 futurum
723 2369 1135 2442 emanarent,
1197 2361 1360 2425 tales
1407 2383 1494 2424 ex
1533 2383 1704 2425 nunc
1751 2382 1870 2448 pro
1912 2359 2166 2424 infectis
2204 2359 2503 2423 volumus

128 2455 348 2541 haberi,
380 2459 699 2544 quodque
740 2459 796 2523 is
841 2467 1065 2523 cont-ra
1111 2481 1305 2544 quem
1334 2469 1740 2524 emanassent
1772 2468 1884 2523 aut
1909 2479 2211 2523 concesse
2236 2457 2512 2521 fuissent

125 2566 217 2620 aut
256 2566 649 2640 emanarent,
694 2566 760 2621 et
800 2558 870 2622 in
911 2558 1199 2623 futurum
1239 2558 1752 2624 concederentur
1778 2558 1906 2623 illis
1941 2557 2202 2622 minime
2235 2555 2504 2622 obedire

124 2664 411 2722 teneatur.
465 2657 650 2722 Nulli
696 2679 855 2744 ergo
902 2658 1161 2722 omnino
1204 2659 1544 2724 hominum
1590 2659 1784 2722 liceat
1824 2659 1990 2722 hanc
2037 2657 2346 2744 paginam
2389 2678 2505 2720 no·

126 2764 236 2820 stre
290 2757 797 2822 confirmationis
854 2758 1071 2822 statuti
1116 2758 1550 2823 advocationis
1605 2757 2019 2822 extinctionis
2075 2755 2504 2843 impositionis

130 2854 463 2942 collationis
508 2856 895 2943 provisionis
944 2858 1377 2923 concessionis
1405 2858 1642 2924 indulti
1673 2856 2142 2922 constitutionis
2175 2855 2501 2922 oblitionis

125 2955 522 3020 restitutionis
590 2956 1121 3020 rehabilitationis
1186 2958 1598 3043 repositionis
1666 2957 2063 3022 remissionis
2135 2956 2500 3024 donationis

130 3052 506 3122 liberationis
570 3055 993 3120 ordinationis
1056 3057 1429 3122 intentionis
1488 3059 1907 3127 absolutionis
1975 3047 2382 3122 iudicationis
2443 3067 2511 3122 et

127 3154 449 3219 voluntatis
503 3154 863 3240 infringere
917 3154 1027 3218 vel
1092 3156 1153 3220 ei
1194 3180 1356 3221 ausu
1396 3157 1740 3222 temerario
1788 3157 2126 3221 contraire.
2221 3155 2297 3222 Si
2365 3155 2507 3241 quis

129 3262 321 3318 autem
376 3255 506 3319 hoc
548 3261 927 3342 attemptare
973 3255 1444 3343 presumpserit
1491 3256 2007 3342 indignationem
2053 3255 2511 3343 omnipotentis

129 3349 241 3416 Dei
301 3363 365 3418 et
421 3357 787 3430 beatorum,
822 3353 1003 3418 Petri
1072 3364 1137 3418 et
1193 3354 1379 3419 Pauli
1423 3355 1896 3442 Apostolorum
1959 3356 2096 3420 eius
2139 3379 2213 3422 se⁴
2255 3359 2511 3423 noverit

128 3448 535 3518 incursurum;
620 3453 865 3519 Datum
927 3453 1133 3519 Rome
1175 3455 1348 3542 apud
1395 3452 1708 3520 Sanctum
1749 3465 2006 3544 petrum
2051 3457 2248 3524 Anno
2293 3458 2509 3523 Incar-

130 3548 381 3616 nationis
462 3552 784 3616 dominice
860 3551 1211 3619 Millesimo
1299 3553 1938 3640 quadringentesimo
2013 3559 2510 3644 quadragesimo

132 3659 297 3810 {exto
350 3648 649 3739 Septimo
696 3651 855 3716 Idus
898 3651 1233 3717 Februarii
1262 3703 1282 3735 ,
1359 3653 1780 3721 Pontificatus
1823 3656 2028 3722 nostri
2073 3658 2272 3722 Anno
2323 3664 2511 3721 sexto

172 3768 382 3815 ec1m0.

132 3926 305 3996 XIX.
425 3931 987 4000 Concordata
1050 3937 1269 4002 inter
1334 3937 1850 4004 Pontificem
1924 3939 2382 4006 Nicolaum
2425 3938 2510 4004 V.

207 4041 283 4093 et
326 4031 973 4121 Imperatorem
1016 4035 1570 4104 Fridericum
1611 4037 1736 4104 III.
1786 4064 1842 4104 a.
1887 4040 2048 4104 1448
2089 4037 2428 4124 inita*).

246 4179 325 4245 In
354 4185 616 4250 nomine
635 4185 903 4250 Domini
920 4186 1159 4252 Amen.
1193 4186 1391 4252 Anno
1421 4211 1459 4251 a
1479 4187 1830 4252 Nativitate
1857 4187 2147 4252 eiusdem
2173 4187 2515 4252 millesimo

140 4279 762 4368 quadringentesimo
789 4286 1282 4372 quadragesimo
1308 4296 1554 4368 octavo,
1571 4286 1702 4351 Die
1724 4286 1973 4353 decima
1988 4287 2260 4374 septima
2272 4287 2520 4354 Mensis

318 4460 369 4528 ὓ)
414 4459 626 4514 Collata
662 4476 789 4515 cum
828 4457 1075 4514 editione
1110 4460 1259 4529 apud
1292 4461 1451 4515 Koch
1493 4459 1717 4516 Sanctio
1753 4459 2102 4530 pragmatica
2136 4479 2192 4530 p.
2234 4463 2354 4518 201.
