2959 4984
480 315 588 374 572
786 315 1082 370 LXXXIX.
1164 311 1572 368 ructemus
1613 313 1712 365 DE
1749 311 2015 366 omens
2059 311 2300 367 FESTIS
2337 313 2400 366 A.
2437 309 2597 366 1858.

488 479 729 548 nedicti
766 477 937 546 XIV
994 475 1380 548 Decessoris
1444 473 1671 542 Nostri
1729 473 2017 541 Litterae
2075 475 2184 542 die
2238 476 2336 543 19.
2379 477 2682 564 Augusti
2746 476 2890 542 anni

492 581 653 648 1744
696 581 921 662 datae,
966 577 1197 663 quibus
1241 577 1325 643 de
1366 575 1490 642 hac
1531 575 1928 663 obligatione
1973 575 2256 667 copiose,
2295 577 2766 665 sapienterque
2803 576 2890 640 lo·

490 701 733 768 quens,
794 699 869 744 ac
910 677 1447 746 Tridentinorum
1487 677 1755 743 Patrum
1799 687 2087 743 mentem
2131 678 2400 744 uberius
2445 677 2796 766 explicans
2837 685 2895 741 et

486 780 896 862 confirmans,
939 777 1021 845 ad
1066 799 1289 844 omnes
1336 777 1830 864 controversias,
1869 778 2286 864 quaestiones
2323 775 2892 860 dubitationesque

482 881 875 950 amovendas
893 929 912 962 ,
976 880 1150 944 clare
1210 887 1566 968 aperteque
1615 877 1970 943 declaravit
2011 887 2080 943 et
2121 877 2486 960 constituit,
2545 875 2892 964 parochos,

485 982 777 1067 aliosque
836 999 1063 1046 omnes
1128 977 1488 1044 animarum
1543 999 1764 1042 curam
1808 987 1956 1042 actu
2000 977 2315 1043 habentes
2359 977 2604 1042 debere
2652 974 2894 1040 Missae

484 1080 871 1148 sacrificium
910 1099 1029 1167 pro
1072 1077 1317 1166 populo
1362 1076 1484 1142 sibi
1529 1076 1902 1142 concredito
1949 1099 2271 1168 peragere
2315 1077 2614 1143 omnibus
2667 1075 2894 1141 Domi-

485 1181 647 1248 nicis
692 1180 964 1266 aliisque
1014 1177 1096 1244 de
1138 1186 1492 1266 praecepto
1535 1177 1721 1242 festis
1767 1175 2031 1262 diebus,
2091 1187 2160 1242 et
2195 1175 2328 1242 illis
2373 1176 2601 1258 etiam,
2657 1175 2892 1260 quibus

486 1283 629 1372 ipse
674 1279 743 1347 in
786 1277 1117 1345 nonnullis
1148 1276 1578 1344 Dioecesibus
1623 1275 1881 1342 dierum
1924 1277 2010 1342 de
2042 1286 2391 1366 praecepto
2424 1277 2754 1342 festorum
2782 1299 2889 1341 nu-

488 1401 739 1448 merum
795 1379 1185 1445 imminuens
1247 1377 1631 1464 permiserat
1669 1375 1930 1464 populis
1975 1375 2045 1442 in
2091 1377 2354 1442 servilia
2397 1400 2600 1466 opera
2645 1377 2888 1442 incum-

486 1483 665 1564 bere,
710 1479 827 1545 sed
873 1485 1129 1543 caverat
1164 1485 1401 1558 tamen,
1444 1484 1520 1539 ut
1557 1474 1684 1564 ipsi
1720 1476 1947 1564 populi
1989 1475 2370 1563 obligationi
2413 1475 2499 1542 de
2529 1476 2741 1546 Sacro
2783 1499 2883 1541 au-

490 1579 729 1645 diendo
790 1577 1165 1644 satisfacere
1206 1575 1527 1642 deberent
1543 1575 1623 1660 ⁶).
1709 1575 1862 1642 Non
1903 1574 2219 1642 mediocri
2261 1583 2438 1642 certe
2475 1577 2881 1662 jucunditate

484 1678 957 1769 perfundimur,
982 1675 1411 1742 Venerabiles
1436 1675 1727 1758 Fratres,
1775 1697 1922 1740 cum
1970 1697 2056 1741 ex
2097 1676 2544 1760 relationibus,
2593 1699 2762 1762 quas
2809 1675 2880 1741 de

484 1788 847 1844 vestrarum
858 1775 1280 1844 Dioecesium
1296 1783 1463 1840 statu
1480 1795 1630 1840 cum
1647 1797 1894 1841 summa
1909 1775 2110 1841 vestri
2123 1775 2398 1842 nominis
2419 1774 2642 1860 laude,
2656 1800 2736 1841 ac
2749 1775 2883 1864 pari

488 1878 683 1944 animi
714 1876 939 1944 Nostri
980 1875 1223 1964 gaudio
1270 1874 1354 1940 ad
1382 1873 1544 1958 Nos,
1591 1885 1658 1939 et
1700 1875 1867 1941 hanc
1889 1875 2340 1966 Apostolicam
2366 1874 2640 1960 Sedem,
2685 1875 2878 1942 veluti

486 1978 685 2046 officii
726 1976 924 2044 vestri
968 1975 1133 2042 ratio
1171 1975 1490 2065 postulat,
1535 1975 1882 2042 mittendas
1927 1976 2164 2041 curatis
2178 2023 2198 2058 ,
2244 1997 2680 2062 agnoscamus
2696 2026 2718 2060 ,
2763 1975 2880 2040 ani-

488 2100 741 2146 marum
784 2085 1113 2142 curatores
1150 2074 1526 2162 hujusmodi
1567 2075 1668 2140 sui
1709 2074 2000 2142 muneris
2033 2074 2498 2162 obligationem
2529 2075 2878 2164 diligenter

488 2177 767 2267 implere
806 2175 1171 2244 Dominicis
1230 2185 1297 2240 et
1350 2173 1495 2240 aliis
1511 2226 1530 2260 ,
1590 2175 1700 2261 qui
1743 2175 1958 2242 adhuc
2001 2197 2088 2240 ex
2125 2187 2477 2266 praecepto
2523 2185 2878 2260 servantur,

488 2279 738 2361 diebus,
776 2277 1019 2344 Missae
1058 2275 1444 2342 sacrificium
1488 2298 1608 2365 pro
1645 2276 1892 2365 populo
1923 2275 2047 2342 sibi
2075 2275 2311 2341 tradito
2343 2275 2684 2342 celebrare
2715 2273 2876 2341 haud

488 2377 811 2443 omittunt.
900 2375 1039 2445 Sed
1082 2375 1345 2442 minime
1384 2375 1804 2462 ignoramus,
1847 2375 2144 2466 pluribus
2190 2375 2261 2441 in
2299 2374 2462 2442 locis
2501 2375 2576 2441 id
2615 2399 2658 2440 a
2699 2397 2872 2465 paro·
2949 2347 2952 2472 J

488 2477 629 2544 eliis
660 2475 915 2564 jamdiu
958 2476 1383 2566 praetermitti
1424 2475 1640 2542 solere
1673 2475 1816 2541 aliis
1843 2476 2096 2562 diebus,
2140 2475 2250 2561 qui
2279 2484 2472 2541 antea
2496 2474 2706 2540 veluti
2735 2473 2870 2540 festi

492 2578 575 2644 de
618 2587 967 2667 praecepto
1018 2585 1201 2643 erant
1246 2575 1508 2642 colendi
1547 2577 1740 2662 juxta
1791 2575 2338 2642 constitutionem
2383 2573 2594 2640 felicis
2639 2597 2870 2640 memo-
2947 2571 2949 2594 ³

488 2679 627 2744 riae
684 2676 937 2745 Urbani
980 2676 1155 2743 vm
1196 2676 1586 2742 Deeessoris
1642 2677 1890 2764 pariter
1933 2674 2160 2742 Nostri
2181 2675 2240 2761 6)
2297 2684 2364 2740 et
2427 2675 2662 2760 quibus
2722 2676 2868 2739 haec
2947 2629 2949 2777 ι

488 2775 875 2864 Apostolica
919 2772 1133 2842 Sedes
1190 2797 1481 2844 annuens
1542 2776 1731 2842 variis
1773 2775 2126 2846 Sacrorum
2169 2773 2551 2840 Antistitum
2596 2773 2867 2865 postula-

490 2874 793 2958 tionibus,
838 2898 915 2940 ac
954 2898 1113 2964 prae
1156 2877 1363 2942 oculis
1404 2876 1650 2942 habens
1695 2899 1938 2960 causas,
1979 2876 2396 2962 rationesque
2436 2877 2516 2940 ab
2559 2874 2722 2963 ipsis
2765 2896 2862 2939 ex·
2945 2935 2947 2960 ss

490 2973 753 3062 positas,
800 2974 957 3039 dum
992 2975 1319 3042 imminuit
1356 2977 1562 3042 festos
1601 2976 1683 3042 de
1723 2986 2074 3066 praecepto
2119 2975 2283 3059 dies,
2323 2997 2458 3041 non
2495 2976 2712 3042 solum
2735 2997 2862 3064 per·
2945 3013 2947 3083 A

487 3073 684 3156 misit,
726 3083 799 3138 ut
834 3075 1063 3162 populi
1106 3077 1449 3143 servilibus
1495 3076 1799 3165 operibus
1841 3097 2077 3142 vacare
2102 3087 2392 3165 possent,
2428 3095 2663 3142 verum
2689 3077 2862 3142 etiam

484 3173 775 3260 indulsit,
816 3184 890 3240 ut
928 3175 1057 3264 ipsi
1095 3177 1175 3242 ab
1222 3177 1623 3263 obligatione
1665 3175 1970 3242 audiendi
1999 3175 2276 3244 Sacrum
2317 3187 2538 3242 essent
2567 3175 2855 3266 exempti.

484 3272 617 3341 Ubi
676 3275 852 3340 enim
906 3276 1073 3344 haec
1128 3276 1415 3364 benigna
1458 3277 1740 3346 Sanctae
1787 3277 1982 3346 Sedis
2025 3277 2288 3344 Indulta
2341 3276 2412 3342 in
2471 3277 2690 3345 lucem
2729 3297 2858 3367 pro·

484 3373 763 3462 dierunt,
804 3377 1019 3442 statim
1059 3378 1347 3466 plurium
1386 3378 1733 3466 regionum
1775 3376 2044 3466 parochi
2087 3377 2555 3465 existimantes,
2595 3399 2668 3444 se
2700 3379 2859 3444 hisce

488 3473 717 3544 diebus
754 3473 845 3541 ita
886 3477 1175 3544 reductis
1218 3479 1465 3545 solutos
1499 3501 1642 3545 esse
1673 3481 1754 3545 ab
1785 3479 2182 3567 obligatione
2211 3479 2579 3568 peragendi
2603 3477 2860 3546 Sacrum
2941 3495 2943 3566 j

490 3597 613 3665 pro
672 3578 954 3668 populo,
1020 3579 1488 3665 obligationem
1555 3580 1762 3669 ipsam
1819 3580 2097 3668 implere
2161 3581 2357 3669 plane
2419 3577 2858 3666 negleiterunt,
2941 3567 2943 3693 1

488 3675 665 3742 Hinc
705 3699 903 3765 porro
944 3678 1217 3745 invaluit
1258 3681 1680 3764 consuetudo,
1723 3689 1799 3746 ut
1841 3682 2190 3748 earundem
2229 3682 2577 3769 regionum
2605 3677 2859 3748 Parochi

492 3778 1005 3844 commemoratis
1039 3779 1268 3845 diebus
1292 3791 1771 3848 sacrosanctum
1801 3781 2040 3848 Missae
2070 3781 2454 3849 sacrificium
2483 3804 2606 3871 pro
2637 3781 2856 3873 populo

492 3877 819 3966 applicare
868 3879 1282 3966 cessaverint,
1326 3902 1470 3975 nec·
1489 3881 1782 3966 defuere,
1827 3884 1937 3969 qui
1981 3881 2300 3969 ejusmodi
2343 3883 2858 3948 consuetudinem

491 3977 657 4044 tueri
702 4000 779 4044 ac
820 3978 1180 4048 defendere
1221 4004 1355 4047 non
1398 3981 1792 4049 dubitarunt.

658 4079 796 4146 Nos
840 4081 1045 4168 igitur
1086 4083 1170 4148 de
1214 4083 1531 4172 spirituali
1569 4084 1854 4150 universi
1884 4085 2153 4152 Domini
2193 4085 2420 4174 gregis
2463 4085 2673 4152 Nobis
2715 4081 2855 4148 divi·

494 4179 665 4244 nitus
708 4183 1034 4249 commissi
1076 4186 1247 4251 bono
1290 4187 1401 4251 vel
1438 4185 1722 4252 maxime
1763 4186 2044 4269 solliciti,
2089 4210 2163 4252 ac
2209 4209 2340 4255 non
2379 4201 2612 4274 parum
2655 4186 2854 4252 dolen-

633 4435 686 4499 5)
722 4433 929 4485 Bened.
946 4433 1091 4486 XIV.
1112 4434 1250 4489 Litt.
1269 4433 1497 4504 Encycl.
1536 4433 1708 4501 „Cum
1751 4451 1970 4504 semper
2011 4433 2283 4488 oblatus.“
2319 4433 2424 4488 Die
2444 4436 2531 4490 19.
2559 4433 2704 4506 Aug.
2728 4429 2854 4488 1744
2935 4399 2937 4412 Ι

632 4515 685 4581 6)
718 4515 923 4568 Urban.
958 4517 1103 4570 vm.
1144 4519 1379 4575 constit.
1417 4519 1723 4590 „Universa
1763 4537 1866 4592 per
1901 4521 2129 4576 orbem“
2166 4520 2310 4576 Ibid.
2349 4521 2572 4592 Septbr.
2611 4523 2764 4580 1642·
