2959 4984
405 235 476 290 68
911 236 1025 286 VII·
1103 233 1563 286 CAPITULARE
1606 231 2227 284 ECCLESIASTICUM

411 404 718 490 diligatur
761 426 847 468 ex
889 413 1024 469 toto
1071 402 1267 468 corde
1282 453 1299 484 ,
1353 411 1418 468 et
1460 425 1549 468 ex
1592 408 1725 466 tota
1768 411 2005 485 mente,
2058 411 2124 467 et
2166 423 2252 466 ex
2294 409 2427 465 tota
2468 399 2734 481 anima,
2788 407 2862 460 et

409 527 494 570 ex
535 513 669 570 tota
706 504 944 570 virtute
985 513 1224 570 nostra.

1409 669 1817 725 OMNIBUS.

577 791 754 856 LXI.
842 790 937 858 Ut
989 815 1120 880 pax
1185 791 1267 854 sit
1324 797 1390 854 et
1445 788 1787 854 concordia
1848 797 1914 852 et
1972 788 2375 852 unianimitas
2447 812 2595 854 cum
2645 791 2855 856 omni

411 893 656 979 populo
716 892 1091 974 christiano,
1169 891 1338 955 inter
1385 887 1780 979 episcopos-1,
1841 891 2132 974 abbateS,
2196 889 2462 954 comites
2476 939 2496 972 ,
2544 889 2853 975 iudiceS,

407 1001 471 1058 et
524 1014 746 1056 omnes
786 993 1025 1078 ubique
1071 1014 1186 1056 seu
1228 991 1505 1056 maiores
1556 1011 1670 1055 seu
1712 989 1995 1055 minores
2041 1011 2391 1078 personas;
2459 991 2610 1076 quia
2656 993 2847 1056 nihil

406 1091 552 1157 Deo
611 1091 749 1157 sine
803 1115 963 1182 pace
1017 1093 1269 1180 placet,
1333 1114 1455 1157 nec
1498 1115 1731 1156 munus
1782 1099 2035 1156 sanctae
2082 1090 2423 1155 oblationis
2466 1091 2551 1154 ad
2586 1091 2849 1173 altare,

404 1193 570 1268 sicut
608 1194 697 1269 ,in
751 1193 1090 1280 evangelio
1146 1193 1290 1280 ipso
1334 1192 1619 1258 Domino
1679 1190 2119 1279 praecipiente
2161 1189 2485 1276 legimu83
2548 1191 2721 1274 quia
2776 1202 2849 1255 et

406 1293 571 1358 illud
615 1294 972 1359 secundum
1019 1291 1388 1356 mandatum
1436 1300 1534 1355 est
1579 1292 1648 1355 in
1691 1291 1877 1376 lege:
1930 1289 2183 1378 Diliqes
2222 1293 2603 1376 promimztm
2642 1305 2847 1355 tuum

411 1397 576 1457 sicut
623 1407 684 1459 te
725 1397 950 1479 ipsum.
1005 1395 1174 1458 Item
1217 1393 1284 1457 in
1328 1393 1710 1480 evangelio:
1777 1391 1977 1456 Beati
2012 1393 2291 1478 pacifici,
2342 1393 2653 1480 quoniam
2689 1393 2853 1476 filii

414 1493 551 1559 Dei
583 1493 999 1559 vocabuntur.
1043 1493 1131 1558 Et
1176 1495 1444 1558 iterum:
1503 1492 1581 1556 In
1630 1493 1749 1556 hoc
1792 1489 2179 1580 coynoscent
2227 1515 2439 1556 omnes
2492 1495 2654 1580 quia
2704 1493 2853 1554 mei

415 1599 727 1682 discipuli
767 1598 940 1674 estis,
987 1596 1048 1657 si
1091 1595 1500 1658 dilectionem
1529 1593 1884 1658 habueritis
1927 1593 2018 1656 ad
2048 1596 2337 1657 invicem.
2383 1592 2462 1657 In
2487 1593 2611 1657 hoc
2646 1593 2844 1657 enim

411 1705 756 1786 praecepto
823 1695 1274 1760 discernuntur
1331 1695 1449 1760 filii
1496 1695 1626 1760 Dei
1687 1703 1751 1759 et
1810 1694 1927 1758 filii
1977 1694 2247 1776 diaboli3
2321 1693 2470 1778 quia
2509 1692 2625 1756 filii
2692 1693 2837 1756 dia-

418 1797 553 1863 boli
599 1818 857 1885 semper
891 1795 1326 1862 dissensiones
1370 1805 1437 1860 et
1468 1795 1820 1862 discordias
1861 1815 2125 1860 movere
2166 1803 2496 1880 satagunt:
2540 1793 2665 1857 filii
2719 1818 2834 1858 au—

414 1907 546 1962 tem
586 1896 716 1963 Dei
756 1918 1014 1985 semper
1057 1895 1198 1985 paci
1243 1905 1308 1960 et
1352 1895 1684 1962 dilectioni
1722 1895 2001 1961 student.

1407 2062 1809 2119 OMNIBUS.

571 2185 784 2252 LXII.
869 2183 965 2252 Ut
1008 2185 1238 2270 quibus
1283 2183 1430 2248 data
1466 2193 1566 2249 est
1597 2192 1881 2272 potestas
1913 2183 2259 2267 iudicandi,
2305 2183 2471 2249 iuste
2496 2183 2820 2267 iudieent,

407 2287 569 2352 sicut
613 2286 922 2372 scriptum
967 2294 1100 2350 est:
1167 2283 1346 2348 Iuste
1390 2285 1714 2364 izcdzbate,
1748 2285 1892 2368 filii
1932 2283 2273 2347 hominum.
2368 2284 2521 2350 Non
2559 2284 2627 2349 in
2676 2310 2823 2351 mu-

407 2385 702 2468 neribuS,
745 2385 892 2470 quia
933 2407 1202 2450 munera
1245 2394 1555 2449 excecant
1598 2385 1793 2450 corda
1835 2383 2271 2472 prudentium,
2321 2393 2385 2448 et
2428 2387 2822 2450 subvertunt

404 2487 603 2550 verba
642 2484 978 2548 iustorum.
1071 2483 1224 2548 Non
1264 2484 1332 2547 in
1375 2483 1778 2564 adolatione,
1822 2505 1945 2548 nec
1986 2483 2054 2546 in
2100 2482 2613 2548 consideratione
2661 2509 2816 2573 per-

405 2605 622 2666 sonae,
666 2583 830 2648 sicut
872 2582 940 2647 in
984 2583 1476 2648 deuteronomio
1524 2583 1765 2647 dictum
1812 2592 1939 2647 est:
1988 2581 2179 2660 Quod
2224 2586 2461 2646 iustum
2504 2599 2598 2648 est
2639 2587 2813 2650 iudi-

406 2699 565 2749 cate.
613 2683 768 2747 Sive
810 2685 979 2745 cives
1019 2685 1104 2745 sit
1144 2683 1275 2760 ille,
1319 2685 1453 2745 sive
1494 2687 1900 2770 pereyo-inus,
1944 2683 2135 2746 nulla
2174 2685 2261 2745 sit
2307 2683 2623 2750 distantia
2657 2711 2811 2772 per-

401 2806 726 2861 sonarum,
777 2784 930 2870 quia
959 2779 1092 2844 Dei
1129 2783 1444 2846 iudicium
1492 2797 1603 2846 est.
1648 2782 1867 2848 Primo
1910 2805 2187 2867 namque
2224 2776 2423 2848 iudici
2456 2784 2814 2871 diligenter

405 2873 731 2948 discenda
775 2889 873 2944 est
918 2879 1034 2946 Iex
1076 2906 1112 2946 a
1155 2882 1547 2970 sapientibus
1590 2877 1833 2971 populo
1878 2883 2263 2972 composita,
2328 2906 2412 2948 ne
2454 2907 2576 2972 per
2616 2885 2806 2972 igno-

404 2982 676 3047 rantiam
717 3005 754 3044 a
793 2981 896 3046 via
936 2983 1220 3046 veritatis
1267 2992 1461 3047 erret.
1542 2983 1629 3048 Et
1680 2984 1833 3050 dum
1876 2984 1989 3048 ille
2031 2992 2279 3047 rectum
2324 2984 2668 3071 intellegat
2715 2987 2806 3050 iu-

412 3080 685 3163 dicium,
739 3091 960 3153 caveat
1000 3105 1082 3148 ne
1133 3083 1432 3165 declinet,
1477 3093 1587 3148 aut
1627 3105 1745 3171 per
1786 3083 2221 3152 adolationem
2264 3083 2647 3168 aliquorum,
2702 3093 2809 3150 aut

403 3201 526 3266 per
567 3202 853 3245 amorem
903 3182 1243 3248 cuiuslibet
1283 3182 1491 3264 amici,
1532 3193 1641 3246 aut
1678 3205 1797 3271 per
1843 3183 2143 3247 timorem
2180 3183 2448 3248 alicuius
2493 3186 2802 3272 potentiS,

408 3288 519 3346 aut
570 3291 839 3369 propter
896 3284 1295 3369 praemium,
1353 3307 1392 3346 a
1446 3291 1625 3346 recto
1680 3282 1918 3347 iudicio
1966 3281 2285 3364 declinet3
2354 3293 2418 3347 et
2458 3284 2807 3352 honestum

407 3381 592 3452 nobis
636 3380 912 3465 videtur,
954 3393 1026 3447 ut
1067 3383 1313 3448 iudices
1353 3381 1553 3448 ieiuni
1594 3405 1815 3458 causas
1853 3382 2116 3448 audiant
2160 3392 2224 3447 et
2268 3382 2653 3449 discernant.

1401 3566 1807 3624 OMNIBUS.

571 3684 818 3752 LXIII.
904 3687 1073 3752 Item
1115 3688 1424 3754 habemus
1468 3689 1537 3754 in
1576 3690 1750 3776 lege,
1794 3688 2079 3754 Domino
2122 3689 2601 3778 praecipiente:
2652 3688 2799 3754 Non

401 3787 784 3870 periurabis
830 3791 898 3852 in
941 3792 1198 3852 nomine
1243 3814 1414 3870 meO,
1486 3814 1603 3854 nec
1642 3791 1904 3877 pollues
1946 3813 2175 3852 nomen
2220 3788 2355 3853 Dei
2400 3793 2529 3869 tui,
2604 3812 2802 3878 meque

407 3908 686 3950 assumes
729 3912 959 3952 nomen
1008 3891 1256 3954 domini
1296 3889 1432 3954 Dei
1473 3894 1574 3955 tui
1611 3893 1681 3954 in
1723 3914 1975 3954 vanum.
2055 3889 2217 3954 Ideo
2262 3890 2521 3954 omnino
2565 3909 2799 3954 ammo·
2903 3887 2904 3966 J

413 3986 610 4049 nendi
655 3997 804 4052 sunt
847 4011 1067 4054 omnes
1119 3990 1503 4076 diligenter,
1566 3999 1638 4055 ut
1678 3999 1943 4054 caveant
1983 3989 2376 4078 periurium,
2421 4013 2555 4055 non
2597 3991 2800 4055 solum
2903 4025 2904 4074 3

409 4085 480 4150 in
533 4096 750 4151 sancto
809 4091 1145 4175 evangelio
1167 4140 1186 4172 ,
1248 4092 1356 4156 vel
1403 4093 1470 4155 in
1512 4092 1748 4171 altare,
1813 4113 1929 4155 seu
1972 4091 2041 4154 in
2080 4099 2448 4155 sanctorum
2487 4091 2797 4176 reliquiiS,

407 4185 527 4249 sed
571 4195 635 4249 et
675 4187 745 4250 in
783 4191 1105 4255 communi
1147 4192 1470 4277 loquella3
1540 4191 1687 4276 quia
1728 4199 1877 4256 sunt
1918 4191 2116 4276 aliqui
2162 4191 2271 4275 qui
2312 4212 2433 4278 per
2474 4192 2797 4256 caritatem
2902 4189 2904 4258 ἶ

414 4293 478 4347 et
518 4283 855 4353 veritatem
899 4291 1142 4371 iurant,
1171 4323 1175 4327 ·
1205 4301 1270 4355 et
1315 4299 1581 4356 caveant
1618 4313 1688 4355 se
1731 4315 1768 4355 a
1808 4291 2169 4357 iuramento
2212 4291 2485 4356 nominis
2528 4293 2697 4375 Dei,
2742 4300 2799 4356 et

409 4386 703 4454 nesciunt
766 4390 914 4474 quia
965 4390 1142 4456 idem
1186 4391 1369 4456 Deus
1431 4391 1609 4475 quod
1660 4401 1759 4457 est
1814 4391 2043 4458 caritas
2102 4400 2169 4456 et
2207 4391 2476 4474 veritas,
2549 4392 2799 4456 dicente
2902 4389 2904 4428 ³
