2959 4984
369 275 477 332 598
853 275 1042 328 xclv·
1118 275 1461 330 (38800311
1499 275 1642 326 xvl.
1679 275 1992 326 umam
2037 279 2096 327 Α.
2135 272 2290 328 1846.

372 459 575 526 aegre
628 437 979 504 admodum
1022 437 1211 522 sinit,
1276 447 1355 504 ut
1396 439 1650 504 scilicet
1687 459 1822 504 non
1861 439 2076 504 solum
2119 438 2480 507 catholicus
2521 439 2764 526 conjux

370 539 453 605 ab
512 537 879 604 acatholico
931 539 1223 626 perverti
1278 559 1409 604 non
1462 541 1705 628 possit,
1769 540 1926 624 quin
1981 539 2199 626 potius
2254 539 2368 604 ille
2425 539 2642 604 teneri
2693 561 2762 604 se

374 638 539 704 sciat
576 637 661 702 ad
702 637 877 703 hunc
922 659 1043 726 pro
1090 639 1340 704 viribus
1382 639 1461 705 ab
1507 660 1730 704 errore
1769 639 2254 723 retrahendum,
2295 660 2525 704 verum
2569 638 2768 704 eta’am

372 746 445 804 ut
508 738 731 827 proles
788 738 1131 824 utriusque
1174 760 1373 805 sexus
1418 761 1506 804 ex
1549 739 1734 804 hisce
1775 738 2204 806 matrimoniis
2244 737 2653 827 procreanda
2701 738 2772 802 in

374 835 755 904 Catholicae
794 837 1162 925 Religionis
1224 840 1568 905 sanctitate
1605 840 1872 904 omnino
1917 839 2185 904 educari
2227 838 2482 906 debeat.
2519 838 2767 920 Quam-

370 939 617 1021 obrem,
655 937 825 1004 Ven.
846 937 1105 1024 Frater,
1146 939 1395 1004 meritis
1440 937 1536 1004 'Pe
1580 940 1651 1004 in
1675 930 1962 1008 Domino
1999 939 2306 1006 laudibus
2350 959 2766 1025 summopere

368 1039 847 1130 prosequimur,
892 1039 1067 1124 quod
1107 1061 1229 1128 pro
1256 1037 1672 1127 Episcopalis
1711 1039 1807 1103 tui
1845 1038 2187 1105 ministerii
2231 1039 2452 1104 officio
2489 1038 2562 1102 in
2597 1037 2769 1102 tanti

370 1139 683 1206 momenti
744 1159 887 1204 rem
956 1161 1147 1204 curas
1192 1139 1754 1224 cogitationesque
1819 1139 2058 1204 merito
2105 1147 2494 1204 convertens
2534 1136 2768 1202 Eccle-

370 1238 506 1306 siae
550 1239 635 1304 de
660 1239 883 1304 mixtis
914 1237 1343 1305 matrimoniis
1374 1237 1739 1304 doctrinam
1772 1239 2042 1324 ejusque
2083 1239 2458 1304 libertatem
2495 1238 2676 1308 tueri
2707 1247 2772 1301 et

370 1337 707 1403 vindicare
746 1338 1075 1404 studueris
1091 1387 1112 1421 ,
1176 1361 1253 1404 ac
1310 1338 1622 1428 pastorali
1677 1340 1916 1404 robore
1975 1349 2042 1404 et
2091 1339 2454 1404 constantia
2497 1348 2766 1405 exortos

371 1437 610 1503 abusus
654 1436 737 1502 de
774 1436 993 1502 medio
1036 1438 1272 1503 tollere
1292 1486 1313 1521 ,
1380 1437 1640 1524 tuisque
1703 1436 2095 1526 praesertim
2157 1437 2462 1525 parochis
2507 1437 2772 1523 saepius

368 1538 773 1627 praecipere,
800 1547 865 1602 et
890 1537 1199 1604 mandare
1246 1560 1377 1604 non
1400 1537 1750 1622 destiteris,
1767 1548 1842 1602 ut
1869 1540 1942 1604 in
1979 1537 2354 1625 hujusmodi
2379 1537 2630 1625 nuptiis
2643 1536 2772 1602 Ec-

370 1636 609 1704 clesiae
651 1639 917 1725 regulas
958 1661 999 1703 a
1044 1637 1233 1703 nobis
1276 1648 1343 1704 et
1385 1638 2002 1726 praedecessoribus
2041 1639 2282 1704 nostris
2317 1646 2502 1703 tanto
2549 1637 2770 1702 studio

368 1738 727 1804 inculcatas
764 1738 1257 1825 religiosissime
1302 1748 1586 1807 servent.
1675 1737 1762 1805 Et
1807 1739 2072 1825 quidem
2117 1737 2295 1824 quod
2332 1737 2422 1804 vad
2461 1737 2773 1804 benedic-

371 1837 617 1904 tionem
659 1838 909 1920 attinet,
953 1859 1116 1921 eam,
1152 1839 1361 1904 veluti
1408 1841 1654 1928 optime
1695 1838 1934 1923 noscis,
1975 1839 2139 1906 haec
2173 1839 2532 1928 apostolica
2551 1835 2770 1904 Sedes

370 1938 721 2027 prohibere
766 1940 1103 2004 consuevit
1168 1940 1236 2004 in
1296 1939 1427 2008 illis
1491 1961 1750 2026 quoque
1809 1940 2240 2006 matrimoniis
2267 1991 2288 2024 ,
2357 1959 2526 2024 quae
2596 1940 2776 2005 inter

376 2035 753 2106 Oatholicos
808 2048 875 2102 et
940 2039 1369 2106 Acatholicos
1429 2041 1745 2106 ineuntur·
1793 2040 2140 2127 impetrata
2211 2039 2508 2126 ejusdem
2565 2035 2772 2104 Sedis

368 2139 581 2222 venia,
620 2147 817 2224 atque
859 2139 1165 2206 adhibitis
1204 2139 1616 2208 cautionibus
1653 2141 1723 2206 in
1762 2140 1878 2206 illa
1908 2140 2352 2228 praescriptis.
2389 2139 2614 2224 Atque
2649 2138 2773 2204 etsi

372 2237 612 2304 deinde
654 2239 923 2307 tolerari
964 2240 1251 2330 potuerit
1272 2291 1293 2326 ,
1334 2251 1407 2305 ut
1448 2263 1594 2306 mos
1639 2241 1706 2306 in
1745 2241 2078 2306 nonnullis
2121 2238 2502 2326 regionibus
2541 2238 2772 2328 induc-

370 2348 477 2405 tus
520 2351 891 2406 servaretur
925 2340 1363 2407 benedicendi
1406 2341 1834 2407 matri-moniis
1877 2341 2102 2407 mixtis
2127 2341 2305 2408 initis
2347 2360 2499 2404 cum
2534 2338 2769 2404 Eccle-

374 2441 508 2506 siae
548 2440 741 2506 venia
784 2451 849 2506 et
888 2441 1239 2529 praedictis
1286 2442 1693 2508 cautionibus
1707 2489 1728 2525 ,
1793 2462 2124 2525 nunquam
2165 2450 2384 2505 tamen
2425 2437 2772 2504 toleranda

374 2548 473 2606 est
516 2539 750 2604 eadem
787 2540 1161 2606 benedictio
1207 2541 1276 2606 in
1314 2541 1394 2606 iis
1439 2541 1731 2624 casibus,
1797 2541 1866 2606 in
1913 2540 2146 2626 quibus
2187 2539 2368 2606 nulla
2409 2536 2770 2604 accedente

372 2637 713 2706 Ecclesiae
748 2641 959 2723 venia,
1000 2663 1123 2706 nec
1164 2641 1447 2730 praeviis
1488 2640 1874 2708 necessariis
1897 2638 2320 2721 cautionibus,
2355 2637 2772 2703 manifestum
2865 2693 2878 2706 .

368 2738 674 2826 idemque
716 2740 1173 2825 gravissimum
1208 2740 1576 2806 admittitur
1615 2740 1866 2806 crimen
1908 2740 1978 2804 in
2019 2741 2162 2828 ipso
2199 2737 2595 2812 matrimonii
2637 2737 2770 2800 foe-

376 2840 534 2907 dere
572 2841 878 2906 ineundo.
923 2841 1273 2926 Nunquam
1317 2841 1494 2906 enim
1531 2841 1798 2908 tolerari
1839 2841 2054 2924 debet,
2083 2850 2158 2906 ut
2199 2839 2540 2926 sacrilegis
2579 2838 2766 2904 hisce

375 2942 811 3007 contractibus
856 2943 1025 3008 sacri
1064 2943 1227 3008 ritus
1266 2941 1770 3026 admisceantur,
1813 2951 1879 3006 et
1923 2941 2298 3008 sacerdotes
2339 2939 2472 3009 Dei
2509 2939 2772 3004 videan-

373 3051 483 3107 tur
514 3064 629 3106 suo
671 3040 841 3106 facto
870 3044 1171 3131 probare,
1216 3044 1391 3129 quod
1428 3064 1543 3108 ore
1565 3043 1866 3109 illicitum
1910 3065 2052 3108 ess-e
2099 3042 2378 3108 edocent
2410 3051 2474 3106 et
2516 3040 2771 3128 praedi-

377 3151 547 3208 cant.
634 3141 858 3228 Atque
900 3141 971 3207 id
1007 3145 1211 3231 probe
1272 3143 1559 3210 sentiunt
1615 3142 1968 3208 adversarii
2009 3143 2252 3226 nostri,
2321 3142 2434 3226 qui
2482 3151 2661 3206 certe
2702 3141 2774 3204 in

374 3242 746 3328 hujusmodi
787 3243 1028 3330 nuptiis
1070 3243 1151 3310 de
1198 3243 1506 3310 catholici
1565 3243 1924 3310 sacerdotis
1985 3241 2445 3310 benedictione
2503 3241 2770 3306 minime

375 3344 767 3426 laborarent,
806 3343 930 3408 nisi
980 3343 1429 3429 intelligerent
1491 3343 1673 3408 illam
1716 3343 2083 3409 conducere
2143 3342 2228 3406 ad
2273 3342 2771 3423 extenuandam,

377 3453 571 3529 atque
608 3443 773 3509 adeo
814 3442 898 3508 ad
944 3443 1419 3510 obliterandam
1476 3443 1718 3510 sensim
1771 3443 1840 3508 in
1901 3442 2203 3508 catholici
2258 3441 2484 3530 populi
2533 3440 2770 3506 animis

379 3543 755 3610 memoriam
806 3565 1143 3629 canonum,
1184 3543 1293 3630 qui
1332 3545 1498 3609 haec
1543 3543 1950 3610 detestantur
1993 3542 2336 3626 connubia,
2381 3551 2450 3606 et
2475 3551 2770 3606 constan-

376 3643 612 3712 tissimi
656 3643 887 3726 studii,
950 3664 1079 3728 quo
1121 3641 1193 3710 S.
1238 3643 1451 3709 Mater
1487 3643 1790 3710 Ecclesia
1843 3643 2013 3709 filios
2071 3661 2221 3708 suos
2279 3651 2578 3706 avertere
2622 3663 2776 3706 con·

380 3744 591 3826 suevit
632 3745 713 3810 ab
758 3741 993 3809 iisdem
1048 3743 1373 3830 conjugiis
1432 3745 1504 3810 in
1559 3766 1785 3809 eorum
1841 3745 2232 3828 futuraeque
2287 3741 2492 3830 prolis
2551 3739 2771 3828 perni-

323 3911 332 3920 ,
380 3845 548 3912 ciem
590 3843 1070 3910 contrahendis.
1124 3841 1349 3910 Nostri
1393 3845 1648 3910 scilicet
1683 3842 2196 3910 contradictores
2239 3848 2668 3929 cognoscunt,
2715 3839 2775 3905 si

382 3967 489 4012 res
532 3965 617 4009 ex
660 3965 889 4012 eorum
923 3944 1093 4009 votis
1132 3945 1515 4010 succederet
1537 3996 1559 4030 ,
1625 3945 1820 4010 facile
1861 3944 2036 4009 inde
2060 3947 2388 4025 futurum,
2431 3951 2506 4006 ut
2550 3939 2772 4006 catho-

380 4044 546 4110 licae
588 4045 1001 4132 potissimum
1039 4043 1375 4110 foeminae·
1403 4054 1514 4109 aut
1557 4045 1754 4128 licita,
1802 4054 1910 4110 aut
1952 4065 2085 4108 non
2123 4053 2260 4108 tam
2308 4042 2604 4130 graviter
2643 4039 2770 4104 illi—

382 4144 511 4209 cita
564 4145 1013 4210 existimarent
1065 4166 1140 4209 ea
1185 4146 1492 4232 conjugia
1512 4196 1531 4230 ,
1591 4166 1756 4230 quae
1805 4145 2006 4210 sacris
2047 4143 2386 4210 Ecclesiae
2432 4141 2661 4209 ritibus
2707 4149 2776 4206 et

383 4245 769 4310 sacerdotali
835 4245 1289 4311 benedictione
1351 4246 1686 4310 honestari
1736 4244 2056 4310 viderent.
2143 4243 2370 4329 Atque
2421 4244 2585 4308 haec
2624 4263 2774 4306 con·

380 4363 553 4408 sona·
586 4355 733 4407 sunt
777 4346 1345 4432 praeceptionibus
1392 4355 1455 4411 et
1497 4346 1795 4430 monitis,
1857 4365 2018 4430 quae
2059 4345 2198 4411 sive
2241 4343 2309 4409 in
2353 4343 2594 4409 nostris
2637 4341 2776 4407 sive

379 4441 449 4503 in
505 4439 867 4506 decessoris
926 4443 1133 4506 nostri
1176 4445 1281 4508 Pii
1322 4445 1516 4512 VIII.
1574 4446 1657 4512 ad
1725 4445 2024 4512 diversos
2082 4445 2639 4532 Archiepiscopos
2705 4449 2774 4506 et
