2959 4984
406 291 476 347 96
800 292 942 343 xm.
1020 291 1508 345 CONCORDATA
1549 291 2172 345 CONSTANTIENSIA
2213 294 2274 344 A.
2317 289 2471 344 1418.

402 523 410 530 ,
570 458 691 523 ΙΧ.
780 456 883 521 De
922 457 1312 522 Prov-isione
1352 457 1582 544 Papae
1625 473 1686 524 et
1737 458 2208 524 Cardinalium.
2307 460 2596 525 Romano
2641 457 2821 523 Pon-

405 557 561 622 tifici
608 566 673 620 et
717 567 971 622 sanctae
998 559 1323 624 Romanae
1366 557 1696 623 Ecclesiae
1731 558 2183 624 cardinalibus
2223 581 2344 645 pro
2393 558 2658 622 illorum
2705 582 2817 622 su-

406 657 792 722 stentatione
818 705 837 738 ,
902 658 1097 721 rebus
1138 658 1464 724 Romanae
1515 657 1844 724 Ecclesiae
1886 659 2197 725 stantibus
2216 709 2235 742 ,
2303 668 2378 723 ut
2399 667 2571 722 -sunt
2593 708 2614 740 ,
2679 682 2822 724 non

404 757 665 822 videtur
701 757 888 820 aliter
930 778 1139 856 posse·
1168 758 1541 844 provideri,
1588 781 1778 842 quam
1825 760 1952 824 huc
1995 780 2200 844 usque
2245 759 2481 824 factum
2527 767 2644 839 est,
2693 758 2818 822 sci-

405 857 561 921 licet
603 878 723 945 per
766 856 1085 921 beneficia
1132 866 1197 921 et
1240 858 1603 922 communia
1649 858 1927 941 servitia,
1981 881 2144 944 quae
2188 859 2515 923 vacantiae
2557 881 2806 922 nuncu-

412 967 680 1045 pantur3
742 979 969 1021 verum
1034 957 1201 1020 circa
1259 957 1725 1022 beneficiorum
1787 959 2161 1042 qualitatem
2221 958 2435 1022 taliter
2501 958 2812 1023 duximus

409 1057 904 1145 providendum,
952 1057 1126 1142 quod
1170 1057 1334 1120 nulli
1379 1056 1711 1123 Cardinali
1754 1058 2222 1122 Monasterium
2267 1058 2430 1142 (vel)
2474 1057 2810 1122 Prioratus

414 1157 872 1239 conventualis,
916 1157 1087 1221 ultra
1126 1178 1467 1221 numerum
1513 1157 1738 1222 decem
1765 1159 2248 1245 Religiosorum
2279 1157 2636 1222 secundum
2676 1181 2816 1222 mo-

413 1255 617 1321 derna
685 1266 979 1345 tempora
1040 1258 1280 1321 habere
1349 1267 1694 1322 consuetus
1717 1308 1736 1340 ,
1809 1259 1987 1322 nulla
2045 1259 2248 1324 maior
2313 1256 2594 1343 dignitas
2661 1267 2818 1346 post

412 1357 851 1442 pontificalem
909 1357 977 1421 in
1024 1357 1506 1432 cathedralibus
1565 1366 1675 1422 aut
1730 1357 2200 1444 parochialibus
2257 1356 2564 1421 Ecclesiis
2580 1407 2600 1439 ,
2668 1360 2814 1422 nul-

408 1458 545 1521 lum
594 1456 879 1520 officium
926 1457 1285 1538 claustrale,
1333 1457 1586 1520 nullum
1633 1457 2130 1538 xenodochium,
2177 1457 2517 1544 hospitale,
2568 1458 2812 1522 elemo-

411 1556 645 1621 sinaria
686 1565 797 1620 aut
843 1556 1196 1644 leprosaria
1240 1556 1309 1620 in
1352 1556 1612 1620 titulum
1657 1558 1764 1620 vel
1811 1557 2429 1622 administrationem
2472 1559 2810 1624 conferan-

412 1667 547 1737 tur3
612 1664 677 1720 et
731 1656 783 1719 si
847 1679 1008 1740 quae
1066 1656 1215 1720 talia
1260 1678 1445 1735 *nunc
1489 1657 1815 1738 obtinent,
1880 1677 2071 1740 quam
2115 1658 2394 1744 primum
2439 1657 2618 1746 Papa
2659 1659 2806 1723 loco

408 1757 669 1821 illorum
718 1756 800 1821 de
846 1757 970 1820 alio
1013 1755 1443 1840 aequivalenti
1491 1755 1876 1843 providebit,
1920 1756 2032 1821 illa
2077 1756 2403 1824 dimittere
2444 1767 2810 1840 teneantur,

413 1857 577 1922 sicut
620 1858 917 1950 superius
967 1857 1047 1921 de
1094 1856 1512 1922 Commendis
1560 1866 1658 1921 cst
1698 1857 1960 1920 dictum.

566 2025 665 2110 ‘X.
756 2023 857 2088 De
911 2022 1367 2110 Indulqentiis.
1440 2022 1714 2089 Cavebit
1753 2023 2076 2088 Dominus
2121 2011 2342 2087 noster
2383 2023 2564 2110 Papa
2607 2024 2674 2087 in
2721 2025 2816 2088 fu-

412 2135 625 2190 turum
671 2107 1012 2189 nimiarum
1057 2125 1609 2211 indulgentiarum
1654 2125 2074 2206 effusionem,
2122 2146 2203 2187 ne
2254 2123 2586 2204 vilescant,
2637 2133 2704 2186 et
2753 2124 2818 2186 in

410 2212 833 2314 praeteritum
884 2247 1249 2308 concessae,
1310 2228 1389 2290 ab
1439 2226 1619 2291 obitu
1661 2224 1971 2310 Gregorii
2015 2225 2134 2288 XI.
2181 2225 2262 2289 ad
2305 2225 2505 2288 instar
2548 2225 2814 2287 alterius

410 2326 853 2414 indulgentiae
899 2335 1158 2391 revocat
1200 2335 1265 2392 ct
1306 2326 1612 2390 annullat.

576 2493 697 2558 XI.
784 2492 885 2557 De
943 2492 1171 2556 horum
1226 2493 1774 2556 concordatorum
1828 2491 2058 2576 Papae
2104 2489 2386 2554 Marti-ni
2439 2489 2509 2552 V.
2577 2503 2642 2552 et
2703 2514 2816 2554 na-

408 2596 602 2657 tionis
656 2589 1083 2660 Germanicae
1123 2593 1367 2655 valore.
1423 2593 1591 2657 Item
1633 2593 2070 2656 sanctissimus
2117 2591 2438 2656 Dominus
2481 2598 2707 2654 noster
2753 2599 2816 2654 et

408 2694 628 2757 inclita
672 2692 841 2756 natio
891 2692 1368 2758 Germanorum
1412 2702 1878 2762 consenserunt
1921 2701 1988 2756 et
2025 2691 2360 2780 protestati
2407 2699 2589 2770 sunt,
2639 2689 2813 2774 quod

410 2793 623 2857 omnia
672 2801 737 2855 et
776 2792 1033 2876 singula
1078 2792 1325 2878 (supra)
1370 2793 1610 2880 scripta
1654 2793 1887 2856 durare
1931 2802 1995 2856 et
2035 2792 2300 2856 tolerari
2341 2791 2662 2871 debeant,
2707 2814 2812 2853 us-

407 2911 535 2975 que
596 2890 677 2954 ad
733 2890 1247 2975 quinquennium
1302 2893 1644 2975 duntaxat,
1701 2917 1738 2956 a
1783 2892 1932 2956 dato
1979 2891 2418 2980 praesentium
2468 2900 2814 2954 numeran-

408 2989 595 3072 dum;
640 2988 1217 3056 Constitutionibus
1261 2993 1681 3080 ApostoliciS,
1723 2993 1996 3078 Regulis
2032 2991 2472 3058 Cancellariae
2518 2989 2703 3054 factis
2749 2999 2815 3053 et

410 3090 682 3172 fiendis,
749 3101 814 3154 et
854 3091 995 3154 aliis
1040 3091 1109 3154 in
1157 3093 1545 3156 contrarium
1588 3092 1999 3174 facientibUS,
2050 3113 2180 3156 non
2227 3090 2628 3155 obstantibus
2675 3090 2811 3174 qui-

408 3193 817 3275 buseunque3
865 3191 1168 3276 quodque
1210 3214 1330 3278 per
1374 3192 1846 3259 observantiam
1891 3215 2112 3257 eorum
2158 3192 2408 3256 nullum
2439 3190 2542 3254 ius
2571 3213 2810 3254 novum

408 3291 595 3356 Rom.
639 3291 959 3373 Pontifici,
1003 3301 1111 3355 aut
1153 3292 1341 3356 alicui
1373 3291 1704 3356 Ecclesiae
1747 3294 1854 3356 vel
1889 3313 2216 3380 personae
2263 3289 2651 3375 acquiratur,
2697 3313 2811 3354 seu

408 3390 879 3478 praeiudicium
938 3400 1309 3476 generetur.
1394 3391 1532 3458 Sed
1601 3392 1782 3480 lapso
1848 3392 2018 3456 dicto
2063 3391 2504 3476 quinquennio
2528 3438 2548 3475 ,
2622 3414 2810 3477 quae-

407 3489 570 3554 libet
615 3491 908 3555 Ecclesia
970 3500 1035 3554 et
1090 3513 1369 3578 persona
1432 3491 1764 3579 praedicta
1819 3493 2088 3558 liberam
2145 3493 2516 3556 facultatem
2577 3495 2812 3559 habeat

402 3591 629 3657 utendi
678 3591 969 3676 quolibet
1007 3591 1147 3656 iure
1194 3615 1329 3656 suo.
1391 3591 1546 3656 Non
1591 3593 1988 3657 obstantibus
2033 3616 2228 3680 supra
2259 3592 2467 3656 dictis.
2518 3593 2608 3658 Et
2637 3593 2810 3679 quod

407 3691 683 3780 capitula
726 3691 1057 3782 praedicta
1101 3701 1167 3755 et
1211 3693 1550 3776 quodlibet
1596 3715 1821 3770 eorum
1863 3693 2098 3777 ¹dentur
2142 3689 2406 3758 vcuilibet
2449 3714 2528 3756 ea
2567 3694 2808 3758 habere

406 3792 672 3875 volenti,
720 3791 1143 3856 communiter
1182 3815 1296 3856 scu
1346 3793 1602 3856 divisim
1644 3791 1712 3854 in
1755 3791 2121 3858 authentica
2164 3791 2389 3873 forma,
2435 3794 2558 3856 sub
2592 3793 2809 3878 sigillo

332 3923 344 3933 ·
406 3891 938 3956 Vicecancellarii
985 3915 1127 3956 cum
1172 3893 1642 3982 subscriptione
1671 3891 1943 3978 Notarii,
1988 3891 2082 3964 sic
2126 3891 2300 3976 quod
2347 3890 2552 3956 fidem
2581 3891 2812 3957 faciant

410 3993 695 4056 exhibita
739 3993 1141 4078 ubicunque3
1188 4017 1305 4082 pro
1351 4003 1486 4058 toto
1535 4001 1752 4056 autem
1797 4015 1927 4056 non
1973 3993 2302 4056 solvantur
2350 3992 2523 4056 ultra
2565 3991 2805 4057 duode-

408 4095 533 4158 cim
575 4094 783 4179 grossi
831 4094 1264 4158 Turonenses.
