2959 4984
373 272 444 327 56
915 276 1032 327 vu.
1107 276 1563 327 CAPITULARE
1602 275 2231 329 ECGLESIAS'PICUM

1331 440 1723 495 OMNIBUS
1746 440 1817 510 *).

559 560 782 627 ΧΧΠ.
869 524 1036 626 Item
1081 562 1162 627 dc
1216 562 1444 627 eadem
1488 586 1561 627 re
1620 564 1688 629 in
1730 566 2077 631 canonibus
2138 565 2575 652 apostolorum
2622 564 2789 649 legi·
2857 572 2869 585 ⁸

383 670 509 745 tur,
558 684 746 747 quam
789 662 1074 727 heresim
1137 662 1264 727 iam
1327 664 1468 752 ipse
1532 666 1837 754 princeps
1898 666 2339 755 apostolorum
2404 664 2474 729 in
2516 662 2792 731 Simone

380 784 572 851 mago
621 762 993 827 terribiliter
1033 764 1374 829 damnavit.

657 880 820 935 Conc.
861 880 1043 937 Chalc.
1081 900 1199 936 can.
1241 887 1286 938 2.
1361 884 1418 937 Si
1452 886 1575 953 quis
1610 886 1927 955 Episcopus
1970 886 2377 941 ordinationem
2412 904 2517 956 pro
2554 884 2796 955 pecunia

581 968 808 1035 fecerit,
869 974 927 1022 et
973 970 1289 1023 vendiderit-
1343 988 1460 1024 rem
1512 989 1649 1040 quae
1699 974 1808 1025 nisi
1865 973 2047 1043 gratia
2092 990 2208 1027 non
2246 974 2559 1042 adquiritur
2598 977 2658 1025 et
2688 972 2795 1025 sub

583 1056 820 1126 pecunia
877 1058 1220 1111 ordinaverit
1253 1056 1566 1127 Episcopus
1621 1061 2016 1125 provincialem
2052 1060 2394 1130 Episcopum
2415 1100 2428 1127 ,
2484 1060 2602 1114 sive
2639 1058 2798 1113 Pres-

583 1146 838 1213 byterum
873 1146 963 1199 vel
987 1146 1322 1211 Diaconum,
1371 1151 1468 1199 aut
1523 1164 1714 1201 eorum
1750 1166 2080 1217 quemquam
2133 1150 2230 1217 qui
2262 1148 2321 1201 in
2351 1164 2587 1201 numero
2630 1146 2798 1201 Cleri-

477 1296 487 1309 ·
586 1250 777 1288 corum
819 1234 1194 1299 continentur,
1232 1237 1328 1287 aut
1367 1240 1599 1303 accepta
1633 1236 1870 1305 pecunia
1906 1236 2105 1290 fecerit
2142 1235 2517 1289 Oeconomum
2558 1234 2656 1287 vel
2686 1234 2799 1287 De-

585 1320 880 1387 fensorem,
925 1320 1013 1374 vel
1036 1319 1352 1389 ostiarium,
1391 1322 1478 1375 vel
1519 1340 1896 1392 quemcunque
1932 1323 2264 1391 huiusmodi,
2301 1340 2404 1393 pro
2441 1321 2798 1390 turpitudine

585 1408 735 1461 lucri
779 1408 873 1475 qui
914 1408 1022 1461 hoc
1057 1408 1252 1461 fecisse
1287 1410 1576 1477 probatur,
1615 1411 1698 1463 sui
1733 1412 1937 1480 gradus
1974 1412 2281 1480 periculum
2318 1408 2637 1463 sustinebit.
2691 1408 2803 1461 Sed

587 1497 647 1545 ct
685 1494 732 1546 is
768 1494 862 1562 qui
907 1494 1228 1561 ordinatur,
1265 1494 1404 1548 nihil
1447 1513 1517 1549 ex
1554 1496 1903 1551 ordinatione
1940 1514 2078 1566 quae
2114 1514 2217 1566 pro
2252 1495 2641 1565 negotiatione
2676 1510 2803 1563 pro-

589 1581 760 1635 cessit
794 1622 806 1647 ,
858 1580 1120 1635 utilitatis
1159 1583 1445 1651 acquirat3
1508 1585 1605 1638 sed
1652 1584 1751 1637 fiat
1785 1585 2076 1653 dignitatis
2124 1585 2212 1638 vel
2248 1584 2331 1637 rei
2368 1598 2506 1651 quae
2547 1582 2663 1651 ipsi
2695 1598 2803 1649 pro

594 1669 830 1736 pecunia
879 1670 1170 1723 commissa
1207 1676 1324 1737 est,
1366 1672 1592 1726 alienus.
1682 1672 1739 1726 Si
1778 1672 1900 1741 quis
1949 1676 2134 1725 autem
2168 1672 2254 1724 his
2291 1675 2405 1724 tam
2442 1670 2707 1738 turpibus
2746 1672 2805 1720 et

593 1754 822 1809 nefariis
861 1756 1032 1810 lucris
1069 1758 1284 1813 medius
1318 1760 1635 1813 interfuisse
1672 1760 1922 1827 videtur,
1976 1764 2033 1813 et
2067 1760 2144 1827 is,
2200 1760 2246 1812 si
2286 1758 2515 1827 {quidem
2552 1755 2803 1811 Clericus

595 1841 784 1907 fuerit,
823 1842 1205 1913 degradetur3
1246 1846 1292 1899 si
1331 1863 1462 1899 vero
1500 1847 1674 1901 laicus
1712 1851 1809 1899 aut
1844 1846 2165 1913 Monachus,
2202 1843 2722 1898 anathematizetur.

671 1939 796 1995 Can.
837 1945 1016 2009 apost.
1059 1943 1144 1997 30.
1223 1942 1281 1995 Si
1340 1942 1461 2010 quis
1498 1942 1813 2013 Episcopus
1850 1945 1948 1995 aut
1982 1941 2285 2009 Presbyter
2306 1979 2319 2006 ‚
2370 1943 2466 1992 aut
2500 1938 2804 2002 Diaconus,

599 2044 703 2096 per
743 2028 1006 2096 pecunias
1049 2028 1192 2082 hanc
1230 2029 1539 2083 obtinuerit
1577 2029 1940 2098 dignitatem,
1980 2027 2274 2081 deiiciatur
2307 2031 2364 2079 et
2398 2024 2519 2095 ipse
2561 2029 2621 2078 et
2658 2024 2807 2078 ordi-

597 2118 763 2169 nator
799 2115 936 2181 eius,
975 2119 1033 2169 et
1069 2133 1102 2169 a
1139 2117 1527 2170 communione
1559 2117 1739 2170 modis
1778 2117 2033 2170 omnibus
2071 2114 2405 2181 abscidatur,
2445 2112 2592 2167 sicut
2611 2112 2806 2166 Simon

591 2201 790 2271 Magus
827 2217 860 2254 a
893 2201 1080 2256 Petro,

1393 2338 1795 2421 OMNIBUS.

575 2460 834 2527 XXIII.
919 2462 1088 2527 Item
1149 2463 1216 2526 in
1261 2462 1495 2527 eodem
1542 2460 1811 2527 concilio
1855 2460 2023 2523 infra
2070 2459 2197 2534 dua
2238 2455 2516 2544 capitula
2554 2476 2816 2521 necnon

406 2570 471 2623 et
523 2561 594 2627 in
639 2560 916 2626 decretis
960 2560 1203 2627 Leonis
1246 2582 1491 2649 papae,
1561 2570 1634 2624 ut
1676 2582 1800 2624 nec
1840 2558 2193 2624 monachus
2236 2579 2357 2621 nec
2422 2556 2701 2621 clericus
2746 2556 2813 2619 in

415 2662 729 2727 secularia
771 2662 1034 2747 negotia
1071 2670 1370 2725 transeat.
1409 2660 1498 2725 Et
1535 2670 1607 2725 ut
1645 2682 1903 2725 servum
1944 2659 2208 2723 alterius
2246 2656 2465 2723 nullus
2508 2658 2817 2723 sollicitet

411 2762 494 2827 ad
539 2761 900 2827 clericalem
942 2762 1050 2825 vel
1090 2762 1539 2847 monachicum
1582 2761 1877 2826 ordinem
1914 2760 2053 2825 sine
2086 2760 2415 2823 voluntate
2450 2767 2517 2823 et
2542 2758 2810 2823 licentia

405 2861 648 2927 domini
693 2861 810 2926 sui.

674 2980 837 3034 Conc.
881 2979 1064 3033 Chalc.
1104 2998 1224 3034 can·
1265 2981 1312 3035 4.
1373 2982 1515 3035 Item
1562 2980 1658 3050 qui
1691 2996 1888 3034 revera
1936 2984 1993 3035 et
2032 2980 2323 3034 manifeste
2378 2978 2691 3034 solitariam
2731 2978 2809 3031 vi-

607 3075 725 3123 tam
765 3074 1077 3136 sectantur,
1103 3070 1315 3123 honore
1353 3068 1694 3137 competenti
1730 3068 2049 3137 fungantur.
2107 3066 2377 3133 Quoniam
2414 3084 2546 3120 vero
2582 3065 2815 3134 quidam

613 3157 715 3211 sub
755 3159 1052 3225 praetextu
1088 3155 1312 3209 habitus
1333 3154 1676 3221 monachilis,
1713 3154 1995 3208 Ecclesias
2030 3158 2087 3207 et
2113 3157 2417 3207 conventus
2456 3157 2513 3207 et
2536 3168 2627 3205 res
2662 3169 2815 3207 com-

607 3260 803 3298 munes
841 3242 1156 3297 disturbant
1173 3283 1186 3310 ‚
1251 3242 1507 3297 civitates
1544 3243 1844 3296 indiscrete
1883 3242 2288 3297 circumeuntes
2306 3281 2319 3308 ‚
2383 3244 2440 3295 et
2472 3242 2817 3295 monasteria

607 3332 716 3387 sibi
757 3332 1097 3385 constituere
1136 3331 1452 3395 studentes,
1496 3329 1709 3401 placuit
1748 3346 2020 3399 nusquam
2070 3330 2245 3383 ullum
2281 3327 2573 3383 aedificare
2608 3328 2817 3383 debere

603 3435 784 3487 neque
817 3418 1214 3471 monasterium
1250 3418 1626 3486 constituere,
1676 3434 1855 3485 neque
1907 3416 2213 3470 oratorium
2232 3459 2247 3481 ‚
2310 3417 2517 3485 absque
2566 3416 2814 3471 civitatis

605 3506 872 3575 Episcopi
908 3508 1210 3560 voluntate.
1289 3506 1590 3559 Monachos
1638 3521 1769 3559 vero
1806 3506 1900 3574 qui
1957 3508 2086 3557 sunt
2130 3521 2234 3573 per
2270 3503 2514 3573 singulas
2555 3504 2815 3560 civitates

615 3599 671 3648 et
710 3594 1022 3663 provincias
1043 3633 1056 3659 ,
1093 3593 1385 3663 Episcopis
1425 3593 1675 3647 subditos
1715 3610 1861 3659 esse,
1906 3598 1963 3645 ct
2001 3590 2245 3660 quietem
2290 3590 2541 3660 diligere,
2582 3596 2642 3645 et
2677 3592 2814 3647 ieiu-

606 3681 714 3737 niis
752 3698 871 3735 esse
911 3680 1158 3734 intentos
1195 3686 1254 3735 et
1289 3681 1649 3747 orationibus,
1688 3685 1747 3734 et
1782 3683 1841 3733 in
1879 3678 1987 3731 illis
2022 3678 2159 3731 locis
2186 3678 2481 3732 observare
2514 3679 2573 3733 in
2610 3680 2815 3749 quibus

617 3768 800 3823 seculo
835 3767 1188 3821 renuntiasse
1219 3767 1497 3820 videntur.
1552 3766 1911 3836 Nequaquam
1948 3764 2137 3819 autem
2174 3765 2565 3819 ecclesiasticis
2606 3766 2700 3819 vel
2740 3782 2818 3820 se-

619 3856 898 3913 cularibus
947 3857 1116 3911 rebus
1154 3857 1559 3912 communicare
1579 3898 1593 3927 ,
1638 3875 1742 3911 nec
1786 3855 2268 3926 importunitatem
2320 3856 2527 3909 inferre
2574 3855 2817 3911 desertis

615 3943 862 4017 propriis
894 3943 1279 4011 monasteriis,
1341 3944 1451 3997 nisi
1486 3944 1631 3998 forte
1671 3944 1907 4012 quaesiti
1942 3942 2151 3996 fuerint
2191 3947 2425 4013 propter
2462 3959 2686 3996 causam
2724 3959 2815 3997 ne-

615 4030 910 4085 cessariam
945 4046 978 4083 a
1013 4029 1255 4084 civitatis
1291 4030 1589 4101 Episcopo,
1680 4031 1820 4086 Sane
1860 4031 1920 4083 in
1952 4028 2305 4083 monasteriis
2340 4046 2454 4083 non
2488 4044 2609 4082 esse
2647 4030 2817 4085 susci-

615 4116 878 4188 piendum
934 4135 1154 4173 servum
1199 4119 1273 4173 ad
1315 4118 1655 4175 Monachum·
1696 4118 2008 4173 faciendum
2055 4121 2282 4189 praeter
2339 4115 2557 4186 proprii
2600 4116 2817 4173 domini

613 4353 662 4423 *)
695 4353 762 4407 In
801 4353 1046 4407 editione
1084 4349 1294 4405 Baluzii
1329 4350 1468 4403 haec
1509 4348 1803 4417 inscriptio
1838 4347 1997 4400 deest
2011 4388 2024 4414 ,
2076 4351 2135 4400 et
2169 4364 2309 4415 quae
2344 4348 2652 4413 sequuntur
2688 4362 2815 4400 cum

419 4440 874 4495 antecedentibus
909 4456 1020 4494 una
1055 4438 1198 4493 serie
1241 4436 1559 4506 cohaerent,
1596 4435 1747 4505 quod
1780 4434 1987 4489 rectius
2025 4438 2181 4503 puto,
