2959 4984
353 317 450 372 IV.
520 316 626 371 Ex
663 315 884 370 LIBRO
917 315 1196 374 DIURNO
1233 315 1709 374 ROMANORUM
1744 315 2203 374 PONTIFICUM.
2404 317 2474 372 17

99 485 482 570 Concilium,
559 490 737 574 quod
799 512 1007 578 nuper
1055 489 1476 556 Constantino
1532 489 1677 577 piae
1744 487 2091 554 memoriae
2118 489 2465 579 Principe,

95 589 467 674 Agathone,
512 588 898 676 Apostolico
939 590 1442 678 praedecessore
1490 611 1637 657 meo
1655 639 1674 673 ,
1726 589 2055 672 convenit,
2100 590 2475 655 medullitus

95 698 152 750 ct
191 687 450 775 plenius
494 711 899 772 conservare,
947 711 1240 775 quaeque
1279 711 1440 756 vero
1467 689 2023 778 praedicaverunt,
2064 689 2475 776 praedicare;

95 809 370 872 quaeque
417 790 1037 872 condemnaverunt,
1079 811 1192 855 ore
1233 799 1300 854 et
1343 790 1541 854 corde
1586 789 2038 856 condemnare.

242 890 650 977 Diligentius
695 899 910 955 autem
959 900 1024 955 et
1061 890 1344 955 vivacius
1374 889 1587 954 omnia
1618 889 1879 968 decreta
1900 889 2479 976 praedecessorum

93 989 615 1076 Apostolicorum
661 999 1032 1054 nostrorum
1073 989 1499 1070 Pontificum,
1568 1007 1861 1072 quaeque
1908 989 2310 1073 synodaliter
2356 1003 2479 1058 sta-

95 1099 372 1173 tuerunt,
441 1099 510 1155 et
556 1092 825 1178 probata
863 1099 1043 1171 sunt,
1107 1089 1489 1154 confirmare
1506 1137 1527 1171 ,
1574 1096 1639 1152 et
1683 1086 2067 1153 indiminute
2112 1112 2371 1158 servare
2414 1103 2481 1160 et

93 1189 244 1254 sicut
286 1192 366 1256 ab
413 1191 511 1256 eis
559 1199 792 1254 statuta
821 1199 988 1272 sunt,
1017 1190 1086 1254 in
1113 1189 1212 1256 sui
1241 1188 1489 1274 vigoris
1512 1187 1858 1252 stabilitate
1889 1188 2249 1256 custodire:
2292 1215 2481 1278 quae-

95 1312 208 1373 que
247 1292 356 1355 vel
397 1313 696 1376 quosque
740 1289 933 1356 simili
977 1288 1331 1354 autoritatis
1366 1287 1687 1354 sententia
1720 1287 2331 1376 condemnaverunt,
2372 1297 2481 1362 vel

101 1391 568 1474 abdicavenmt,
616 1391 807 1456 simili
847 1390 1200 1455 autoritatis
1249 1388 1572 1454 sententia
1610 1388 2064 1456 condemnare.

242 1492 680 1580 Disciplinam
735 1501 801 1556 et
855 1491 1052 1556 ritum
1097 1489 1462 1573 Ecclesiae,
1529 1489 1695 1553 sicut
1737 1489 1991 1573 inv-eni,
2060 1500 2125 1556 et
2164 1515 2202 1556 a
2246 1495 2479 1560 sanctis

102 1593 698 1679 praedecessoribus
745 1593 907 1658 meis
955 1592 1257 1656 traditum
1298 1590 1537 1677 reperi,
1579 1589 1915 1656 inlibatum
1958 1593 2304 1660 custodire.

245 1693 328 1758 Et
367 1693 797 1758 indiminutas
839 1715 946 1758 res
987 1691 1322 1758 Ecclesiae
1363 1711 1783 1772 conservare,
1842 1700 1911 1755 et
1948 1700 2021 1756 ut
2060 1692 2482 1762 indiminutae

106 1794 552 1876 custodiantur,
601 1815 864 1880 operam
907 1793 1081 1858 dare.

245 1896 428 1962 Nihil
475 1894 565 1960 de
609 1893 988 1958 Traditione
1003 1939 1022 1975 ‚
1066 1893 1241 1976 quod
1283 1917 1322 1957 a
1363 1892 1831 1980 probatissimis
1872 1847 2481 2014 praedecessoribus

109 1997 246 2060 meis
289 2004 618 2060 servatum
664 1993 922 2081 reperi,
967 1993 1330 2058 diminuere
1369 1993 1480 2056 vel
1524 2001 1791 2074 mutare,
1836 2002 1945 2056 aut
1987 1994 2268 2079 aliquam
2304 1997 2482 2062 novi-

104 2103 276 2158 tatem
331 2095 722 2176 admittere3
791 2093 910 2158 sed
965 2093 1332 2175 ferventer,
1395 2102 1470 2156 ut
1519 2113 1675 2158 vere
1740 2113 1965 2158 eorum
2024 2093 2377 2183 discipulus
2422 2106 2487 2164 et

106 2195 454 2283 sequipeda,
503 2194 658 2260 totis
703 2193 948 2260 viribus
993 2193 1154 2258 meis
1203 2193 1665 2278 conatibusque
1709 2193 1941 2258 tradita
1984 2215 2367 2262 conservare
2408 2220 2485 2262 ac

106 2316 395 2365 venerari.

251 2394 324 2462 Si
365 2417 498 2480 qua
539 2415 698 2462 vero
739 2395 1124 2460 emerserint
1148 2402 1370 2460 contra
1401 2392 1806 2481 disciplinam
1838 2395 2225 2478 canonicam,
2268 2416 2484 2462 emen-

111 2494 274 2579 dare3
343 2515 700 2579 sacrosque
761 2493 1058 2563 Canones
1117 2503 1186 2558 et
1246 2493 1611 2560 Constituta
1652 2493 2039 2558 Pontificum
2099 2503 2487 2579 nostrorum,

114 2605 174 2658 ut
214 2597 416 2662 divina
467 2606 538 2661 et
579 2594 880 2660 caelestia
917 2594 1234 2677 mandata,
1277 2593 1626 2675 custodire,
1672 2601 1901 2680 utpote
1936 2593 2051 2660 tibi
2080 2593 2489 2660 redditurum

113 2717 200 2760 me
237 2697 442 2762 sciens
483 2697 572 2762 de
620 2694 950 2776 omnibus,
995 2715 1160 2778 quae
1201 2694 1551 2782 profiteor,
1619 2692 1975 2761 districtam
2014 2694 2081 2758 in
2125 2693 2343 2760 divino
2384 2695 2480 2758 iu-

115 2796 258 2862 dicio
299 2797 641 2876 rationem,
685 2795 866 2860 cuius
923 2795 1140 2860 locum
1179 2793 1395 2859 divina
1439 2791 1815 2880 dig-natione
1851 2815 2122 2881 perage,
2172 2802 2237 2858 et
2280 2793 2490 2860 vicem

115 2894 664 2962 intercessionibus
705 2895 830 2958 tuis
875 2894 1130 2960 adiutus
1171 2894 1434 2980 impleo.

263 2995 336 3063 Si
373 3005 642 3085 praeter
681 2995 844 3060 haec
884 2993 1130 3078 aliquid
1171 3014 1372 3079 agere
1413 3013 1933 3080 praesumpsero,
1971 2993 2081 3056 vel
2116 3002 2191 3058 ut
2225 3017 2486 3082 praesu-

119 3103 335 3179 matur,
379 3095 742 3184 permisero
759 3144 780 3178 ,
845 3094 970 3160 eris
1015 3094 1172 3160 mihi
1189 3142 1208 3175 ‚
1258 3093 1327 3159 in
1369 3093 1482 3158 illa
1525 3093 1797 3162 terribili
1844 3093 1951 3156 die
1999 3092 2201 3158 divini
2240 3094 2482 3176 iudicii,

125 3194 522 3284 depropitius,

266 3296 444 3362 Haec
485 3295 766 3376 conanti,
809 3302 874 3360 et
919 3292 1273 3379 diligenter
1313 3315 1575 3360 servare
1620 3293 1887 3375 curanti,
1926 3294 1996 3360 in
2037 3294 2160 3358 hac
2194 3295 2325 3358 vita
2354 3317 2490 3360 cor-

123 3395 384 3481 ruptibffi
425 3395 776 3462 constituto
795 3443 816 3477 ,
859 3392 1252 3458 adiutorium
1295 3413 1559 3478 quoque
1600 3401 1677 3457 ut
1716 3395 2029 3481 praebeas
2076 3396 2345 3460 obsecro
2358 3445 2379 3478 ,
2425 3405 2498 3460 ut

127 3491 688 3582 irreprehensibilis
731 3514 1078 3581 appaream
1118 3503 1266 3558 ante
1303 3502 1720 3581 conspectum
1750 3493 1980 3558 iudicis
2011 3494 2315 3578 omnium,
2357 3497 2493 3562 Do-

128 3593 262 3658 mini
313 3597 516 3662 nostri
555 3595 709 3660 Iesu
755 3593 1035 3676 Christi,
1103 3593 1258 3660 dum
1317 3593 1697 3658 terribiliter
1754 3593 1839 3658 de
1900 3595 2256 3662 commissis
2302 3598 2495 3662 adve-

129 3693 276 3756 nerit
309 3695 634 3778 iudicare,
697 3704 770 3760 ut
811 3695 1004 3763 faciat
1043 3716 1146 3760 me
1196 3695 1466 3761 dextrae
1509 3694 1711 3782 partis
1754 3703 2155 3782 compotem,
2220 3705 2287 3762 et
2324 3698 2495 3764 inter

133 3790 338 3860 fideles
381 3796 743 3884 discipulos.
783 3819 860 3860 ac
900 3817 1310 3860 successores
1353 3803 1499 3860 tuos
1544 3816 1686 3861 esse
1732 3804 2116 3862 consortem.

275 3895 483 3978 Quam
546 3894 1019 3982 professionem
1079 3917 1327 3979 meam,
1391 3903 1466 3958 ut
1512 3918 1707 3982 supra
1751 3894 2151 3978 continetur,
2222 3917 2342 3984 per
2391 3895 2497 3960 Ill.

135 3989 442 4060 Notarium
511 4004 580 4060 et
636 3994 1056 4061 Scriniarium
1120 4017 1225 4060 me
1292 3994 1641 4060 mandante
1702 3995 2131 4083 conscriptam
2152 4044 2171 4078 ,
2237 3996 2499 4083 propria

137 4112 302 4158 manu
343 4096 722 4186 subscripsi,
774 4104 838 4160 et
880 4095 1012 4180 tibi,
1057 4098 1245 4162 beate
1286 4095 1484 4160 Pctre
1533 4094 1875 4184 Apostole,
1920 4105 1985 4160 et
2029 4094 2499 4184 Apostolorum

140 4194 394 4260 omnium
433 4196 786 4283 Princeps,
843 4220 1006 4284 pura
1049 4205 1265 4265 mente
1311 4205 1375 4260 et
1418 4196 1809 4262 conscientia
1853 4195 2121 4278 devota,
2182 4197 2501 4284 corporali

141 4289 516 4362 iureiurando
563 4297 901 4364 sinceriter
951 4298 1175 4362 obtuli.

281 4393 841 4484 SubscriptiO.
941 4397 1125 4482 Ege,
1195 4398 1306 4480 qui
1365 4420 1561 4484 supra
1619 4397 1723 4460 Ill.
1781 4396 2087 4480 indignus
2148 4392 2502 4480 Presbyter

151 4489 256 4557 Dei
313 4497 512 4581 gratia
576 4497 820 4562 electus
881 4497 1070 4560 huius
1119 4496 1540 4584 Apostolicae
1588 4495 1762 4560 sedis
1803 4496 2130 4560 Romanae
2172 4493 2502 4559 Ecclesiae

199 4592 351 4640 Walter
379 4597 547 4644 Fontes
579 4603 700 4644 turis
737 4601 1063 4643 ecclesiastici.
2074 4597 2108 4647 2
