2959 4984
385 276 456 330 76
575 312 580 318 .
907 272 998 321 IX.
1073 272 1436 323 FRIDERIOI
1475 274 1542 323 11.
1586 272 1971 325 PROMISSIO
2012 274 2074 322 A.
2114 268 2268 323 1213.

387 438 626 519 cordie,
668 457 876 520 usque
919 436 1002 499 ad
1041 434 1428 499 hodiernam
1469 434 1664 517 diem,
1708 434 1844 499 sive
1890 444 2187 523 tempore
2226 438 2427 525 patris
2458 439 2611 521 mei,
2660 442 2795 503 sive

389 540 578 603 etiam
639 559 822 619 me0,
894 536 1105 601 ablata
1170 544 1353 617 sunt,
1423 557 1549 619 que
1596 536 1805 600 habeo
1826 584 1845 619 ,
1910 534 2125 599 eidem
2168 546 2421 601 sanctae
2464 538 2794 604 Romanae

385 638 695 703 ecclesiae
735 639 1042 720 restituO,
1109 660 1233 723 que
1275 646 1492 701 autem
1534 659 1666 702 non
1708 638 1917 703 habeo
1937 687 1958 720 ‚
2002 646 2075 700 ut
2120 638 2539 703 restituantur
2583 639 2795 703 fideli-

393 749 493 803 ter
555 738 807 804 iuvabo,
900 738 1354 803 Possessiones
1413 738 1607 803 etiam
1680 738 1965 802 omnium
2020 737 2291 801 aliarum
2358 738 2795 821 ecclesiarum,

391 847 457 903 et
496 837 894 926 principum,
945 848 1010 902 et
1049 838 1323 902 aliorum
1367 851 1498 902 tam
1545 837 1963 920 clericorum,
2010 860 2197 923 quam
2246 838 2618 923 laycorum,
2673 861 2799 923 que

387 940 455 1003 in
509 960 748 1024 guerra
799 939 921 1003 ista
965 939 1264 1003 ammisse
1305 929 1486 1018 sunt,
1558 939 1825 1003 consilio
1892 939 2288 1027 principum,
2357 940 2465 1002 vel
2524 939 2798 1021 iustitia,

395 1060 522 1122 que
563 1039 772 1104 habeo
817 1038 1123 1120 reddam,
1177 1060 1302 1123 que
1345 1047 1560 1103 autem
1600 1061 1733 1102 non
1773 1038 2003 1121 habeO,
2054 1046 2129 1102 ut
2175 1038 2593 1103 restituantur
2634 1039 2801 1102 fide-

399 1139 550 1201 liter
582 1139 832 1203 iuvabo.
879 1138 964 1202 Et
993 1138 1076 1202 do
1120 1161 1342 1202 ueram
1387 1161 1614 1227 pacem
1662 1137 1923 1203 domino
1950 1160 2159 1225 papae
2190 1137 2471 1221 calixto,
2511 1147 2800 1203 sanctae-

396 1264 522 1325 que
568 1241 894 1307 Romanae
961 1238 1312 1320 ecelesiae,
1397 1247 1463 1301 et
1528 1238 1820 1303 omnibus
1888 1238 1996 1322 qui
2054 1238 2121 1300 in
2178 1247 2361 1325 parte
2406 1236 2608 1326 ipsius
2653 1247 2807 1301 sunt

396 1342 502 1406 vel
542 1342 823 1405 fuerunt.
865 1339 951 1403 Et
990 1337 1058 1403 in
1102 1338 1332 1423 quibus
1375 1347 1593 1401 sancta
1634 1338 1921 1404 Romana
1962 1329 2235 1401 ecclesia
2279 1336 2439 1401 mihi
2484 1336 2803 1401 auxilium

395 1441 852 1530 postulaverit,
917 1437 1200 1502 fideliter
1257 1437 1525 1519 iuvabo;
1576 1447 1641 1501 et
1689 1436 1775 1500 de
1834 1438 2061 1521 quibus
2108 1437 2264 1503 mihi
2307 1437 2541 1515 fecerit
2585 1438 2801 1521 queri-

394 1540 713 1622 moniam,
779 1538 1061 1602 debitam
1109 1536 1229 1602 sibi
1279 1537 1505 1602 faciam
1548 1537 1873 1611 iustitiam.
1991 1537 2175 1602 Haec
2220 1538 2433 1603 omnia
2474 1547 2613 1601 acta
2655 1548 2805 1603 sunt

403 1661 743 1720 consensu,
791 1646 857 1701 et
896 1637 1162 1701 consilio
1202 1637 1587 1726 principum,
1632 1660 1906 1723 quorum
1933 1638 2193 1703 nomina
2220 1638 2581 1727 subscripta
2612 1648 2799 1721 sunt;

406 1735 809 1807 Adelbertus
853 1738 1376 1829 archiepiscopus
1423 1739 1867 1825 Moguntinus
1936 1739 2346 1823 FridericuS,
2393 1737 2805 1804 Coloniensis

402 1840 945 1927 archiepiscopus
1032 1838 1255 1903 Bruno
1299 1837 1723 1903 Treverensis
1763 1838 2305 1926 archiepiscopus.
2370 1837 2455 1902 H.
2505 1837 2801 1903 Ratisbo-

402 1939 621 2004 nensis
671 1940 1030 2027 episeopus,
1082 1937 1164 2004 Ο.
1193 1937 1762 2023 Babenbergensis
1810 1937 2170 2026 episcopuS.
2213 1938 2435 2003 Bruno
2470 1935 2804 2026 Spirensis

401 2039 761 2127 episcopus.
805 2038 890 2102 H.
935 2038 1374 2123 Augustensis
1421 2038 1785 2126 episcopus
1834 2037 1917 2103 G.
1960 2037 2391 2102 Traiectensis
2436 2038 2800 2125 episcopus

408 2138 534 2206 Ou.
571 2137 1082 2205 constantiensis
1115 2138 1474 2226 episcopus.
1520 2138 1879 2203 Herdolfus
1906 2139 2098 2203 abbas
2114 2138 2492 2202 Vuldensis.
2536 2138 2623 2201 H.
2652 2138 2803 2202 dux.

402 2238 775 2305 Fridericus
836 2237 990 2304 dux.
1077 2236 1147 2305 S.
1221 2236 1376 2302 dux.
1458 2239 1793 2304 Bertolfus
1840 2238 1993 2302 dux.
2079 2238 2367 2302 Marchio
2410 2238 2803 2325 Diepoldus.

296 2414 301 2417 ,
406 2340 698 2405 Marchio
741 2339 1204 2425 EngelbertuS.
1255 2338 1661 2404 Godefridus
1705 2338 2027 2426 palatinus
2072 2360 2309 2403 6011168.
2358 2337 2441 2405 Ο.
2485 2336 2806 2425 palatinus

405 2462 638 2505 6011168.
725 2440 1175 2525 Berlingarius
1227 2459 1464 2504 comes,

754 2620 876 2683 IX.
961 2619 1392 2684 Friderici
1434 2620 1524 2685 Π.
1571 2621 2039 2709 promissio
2086 2646 2141 2685 a.
2186 2618 2461 2706 1213*).

575 2754 654 2817 In
697 2752 958 2816 nomine
1007 2760 1260 2816 sanctae
1308 2762 1372 2817 et
1413 2752 1786 2817 individuae
1834 2753 2183 2819 Trinitatis,
2272 2753 2666 2819 Fredericus
2713 2776 2809 2819 se-

413 2850 660 2917 cundus
698 2852 914 2917 divina
958 2853 1216 2917 favente
1260 2852 1603 2918 clementia
1646 2854 2083 2920 Romanorum
2136 2876 2259 2919 rex
2302 2876 2563 2943 semper
2604 2878 2811 2942 augu-

423 2963 576 3037 stuS,
625 2964 690 3018 et
732 2976 856 3017 rex
900 2950 1208 3039 Syciliae.
1297 2954 1601 3040 Regnum
1648 2962 1938 3019 nostrum
1983 2953 2137 3018 tunc
2176 2954 2443 3019 stabiliri
2488 2955 2813 3020 credimus

419 3064 484 3120 et
527 3054 908 3119 confidimus
925 3104 945 3136 ,
1011 3077 1155 3118 cum
1197 3054 1641 3139 Altissimum,
1686 3056 1767 3119 de
1814 3056 1991 3119 cuius
2036 3078 2231 3119 manu
2276 3078 2351 3120 ea
2393 3077 2556 3140 quae
2601 3056 2811 3143 possi-

349 3158 352 3161 *
423 3156 651 3236 demus
734 3156 898 3219 bona
943 3155 1343 3243 recepimUS,
1403 3155 1814 3220 honoramus
1906 3154 2112 3220 Tanto
2159 3156 2332 3221 enim
2373 3155 2659 3220 Domino
2703 3156 2811 3241 qui

413 3259 582 3321 bona
641 3256 864 3320 tribuit
916 3256 1136 3337 1101118,
1206 3254 1288 3320 ad
1351 3256 1721 3321 offerendas
1772 3256 2013 3321 hostias
2072 3257 2290 3346 operis
2340 3266 2405 3319 61
2445 3256 2811 3321 devotionis

411 3354 863 3441 astringimur,
931 3364 1166 3439 quanto
1212 3356 1426 3445 ipsum
1471 3356 1961 3421 misericordem
2000 3356 2069 3421 in
2112 3357 2298 3422 nobis
2346 3366 2411 3421 et
2449 3356 2812 3421 mirabilem

413 3455 806 3543 experimur.
870 3453 1356 3540 Cognoscentes
1401 3456 1602 3541 igitur
1647 3457 1921 3542 gratiam
1964 3478 2126 3541 quae
2171 3456 2318 3521 data
2362 3466 2459 3521 est
2498 3456 2685 3521 nobis
2730 3458 2811 3522 ab

411 3557 575 3643 11180,
621 3556 934 3621 habentes
980 3577 1235 3641 quoque
1275 3578 1396 3643 pre
1445 3556 1645 3620 oculis
1688 3556 1979 3623 inmensa
2025 3567 2091 3622 et
2130 3557 2468 3622 innumera
2501 3555 2814 3621 beneficia

413 3666 628 3721 vestra
701 3655 1024 3720 carissime
1086 3655 1346 3719 domine
1406 3664 1472 3719 et
1534 3657 2053 3721 reverentissime
2096 3666 2281 3745 pater
2293 3658 2326 3739 ,'
2373 3665 2703 3745 protector
2750 3666 2815 3721 et

415 3757 790 3821 benefactor
835 3764 1058 3819 noster
1105 3753 1364 3819 domine
1391 3756 1749 3839 Innocenti,
1793 3757 1923 3821 Dei
1967 3758 2176 3843 gratia
2222 3778 2471 3822 summe
2514 3756 2813 3845 pontifex

414 3855 787 3921 venerande
841 3877 961 3943 per
1019 3854 1196 3919 6111118
1255 3855 1634 3919 benefitium
1682 3878 1962 3945 operam=
1994 3867 2059 3921 et
2102 3858 2371 3921 tutelam
2416 3857 2549 3923 aliti
2589 3881 2811 3922 sumus

418 3955 693 4044 protecti
742 3956 987 4041 pariter
1030 3978 1104 4019 ac
1145 3956 1446 4044 promoti,
1490 3965 1831 4044 postquam
1872 3958 1941 4021 in
1986 3956 2484 4023 sollicitudinem
2530 3967 2811 4023 vestram

421 4064 626 4120 mater
694 4063 912 4119 nostra
974 4056 1181 4121 felicis
1237 4056 1587 4121 memoriae
1648 4055 2021 4123 Constantia
2080 4058 2463 4146 imperatrix
2524 4080 2611 4123 ex
2666 4058 2810 4146 ipso

418 4154 597 4239 quasi
641 4163 826 4219 utero
875 4178 992 4221 nos
1033 4156 1318 4240 iactavit,
1365 4156 1550 4222 vobis
1591 4156 1965 4223 ,beatissime
2012 4166 2217 4245 pater,
2261 4167 2326 4222 et
2369 4158 2664 4224 omnibus
2712 4182 2808 4223 ca-

611 4380 664 4447 *)
700 4380 790 4433 Ex
827 4382 1072 4435 editione
1105 4382 1255 4451 apud
1289 4383 1452 4437 Pertz
1488 4383 1622 4453 Leg.
1662 4382 1817 4437 Tom.
1852 4384 1922 4437 11.
1957 4402 2011 4455 p.
2037 4386 2158 4441 224.
2209 4382 2349 4439 Vide
2370 4382 2667 4439 Lehrbueh
2711 4384 2808 4437 des

414 4466 844 4522 Kirchenrechts
883 4472 930 4531 ἓ.
972 4470 1092 4525 108.
