2959 4984
2766 0 2771 98 Ι

2767 99 2772 184 1

526 281 604 336 40
823 281 911 333 v1.
989 281 1284 334 nauum
1325 277 1857 334 cunonoesum
1888 264 2217 330 nasoon
2252 273 2679 330 Mnmnsm.
2772 212 2774 278 1

536 450 770 516 absens
807 445 913 512 his
959 444 1190 510 diebus
1235 451 1336 510 est
1354 493 1374 527 ‚
1439 453 1597 508 tunc
1644 442 1715 507 in
1778 463 2007 508 eorum
2052 441 2397 508 refectorio
2446 428 2779 510 habeant

542 547 821 612 ctionem
865 544 1262 610 sufficienter
1283 593 1302 627 ,
1343 543 1531 609 sicuti
1576 542 1875 631 superius
1914 542 2219 629 scriptum
2266 551 2383 608 est.
2472 541 2579 608 Et
2622 534 2781 630 poi

543 647 626 712 de
671 646 1016 712 refectorio
1065 644 1376 726 exierint,
1417 644 1489 709 in
1530 642 1907 724 caminata¹)
1949 642 2171 708 bibant
2210 641 2369 708 duas
2400 643 2637 726 vices,
2680 643 2783 716 aas

541 747 818 834 qualiter
861 747 1212 812 consolatio
1255 746 1358 828 sit,
1404 756 1470 812 et
1512 745 1789 812 ebrietas
1832 767 1965 809 non
2010 743 2395 808 dominetur.
2781 750 2784 792 ¹

707 846 794 914 Et
831 845 1193 935 Epiphania
1231 846 1520 928 Domini,
1566 854 1635 910 et
1670 844 1887 918 madia
1924 841 2171 910 Pascha
2205 851 2275 906 ct
2318 842 2637 908 clausum
2660 842 2787 908 Pas

543 957 610 1012 et
649 946 1056 1012 Ascensione
1104 945 1390 1025 Domini,
1435 955 1502 1010 et
1542 945 1950 1026 Pentecoste,
1990 952 2057 1006 et
2098 941 2399 1007 natalitiis
2430 941 2789 1030 episcopi,

548 1047 688 1112 dies
731 1047 1072 1135 episcopus
1123 1045 1216 1110 eis
1279 1046 1350 1110 in
1390 1045 1736 1110 refectorio
1796 1043 1878 1108 ad
1921 1052 2207 1124 sextam,
2266 1041 2723 1106 refectionem
2770 1039 2791 1108 1

543 1146 632 1212 Et
671 1146 754 1226 de
797 1147 928 1212 illis
971 1145 1449 1229 festivita-tibuS,
1492 1145 1667 1210 unde
1702 1143 1983 1210 abbatias
2028 1144 2097 1208 in
2138 1143 2261 1208 ista
2302 1143 2593 1224 civitate,
2638 1142 2763 1204 vel

552 1245 950 1335 propinquas
991 1247 1304 1312 habemus
1323 1295 1343 1328 ,
1403 1245 1567 1310 sieut
1606 1243 2137 1309 consuetudinem
2178 1243 2557 1308 habuerunt
2575 1290 2597 1324 ,
2646 1239 2795 1318 rest

545 1365 696 1411 nem
743 1345 826 1410 ad
869 1345 1114 1412 clerum
1157 1348 1374 1412 facere
1394 1396 1414 1430 ,
1478 1348 1605 1412 hoc
1650 1347 1909 1412 omnino
1962 1367 2095 1410 non
2146 1355 2479 1410 remaneat
2521 1345 2597 1408 in
2650 1365 2797 1427 qum

539 1443 930 1531 possibilitas
971 1445 1186 1511 fuerit.

712 1542 799 1608 Et
837 1543 950 1607 ille
994 1545 1503 1628 archidiaconus,
1538 1545 1651 1610 vel
1692 1544 1801 1629 qui
1844 1554 1995 1610 tunc
2040 1546 2157 1610 sub
2200 1567 2391 1608 manu
2420 1542 2729 1632 episcopi
2774 1563 2801 1632 1

553 1662 696 1706 esse
735 1641 1015 1726 videtur,
1057 1644 1184 1709 hoc
1223 1644 1535 1732 recipiat3
1586 1653 1652 1708 et
1695 1645 1806 1709 ille
1846 1645 2023 1710 clero
2064 1644 2301 1710 exinde
2342 1643 2412 1708 in
2450 1641 2801 1709 refectoric

552 1740 899 1806 sectionem
946 1743 1179 1810 faciat:
1246 1756 1314 1812 et
1377 1749 1554 1833 quod
1600 1757 1901 1837 superest
1958 1747 2041 1813 ad
2098 1769 2323 1812 eorum
2380 1769 2548 1835 opus
2611 1745 2803 1810 celle]

557 1851 948 1908 reservetur.
1027 1843 1114 1910 Et
1153 1846 1266 1910 ille
1309 1847 1797 1914 archidiaconus
1846 1849 1931 1912 de
1973 1871 2087 1912 sua
2124 1848 2403 1930 actione,
2468 1845 2649 1932 quod
2687 1847 2805 1933 ips«

555 1959 780 2004 eorum
823 1961 985 2030 opus
1023 1946 1380 2031 praevidet,
1409 1947 1935 2014 purificationem
1976 1955 2230 2012 sanctae
2256 1946 2522 2028 Mariae,
2566 1955 2633 2011 et
2666 1970 2807 2011 omn

553 2037 1042 2127 Apostolorum,
1091 2053 1157 2108 et
1195 2047 1393 2110 sancti
1435 2047 1695 2114 Ioannis
1738 2049 2107 2137 Baptistae,
2166 2057 2240 2113 et
2270 2047 2475 2112 sancti
2514 2043 2810 2112 Remedii

547 2138 970 2206 refectionem
1011 2141 1201 2208 faciat
1241 2145 1324 2210 ad
1363 2157 1613 2214 sextam
1658 2149 1727 2214 in
1766 2148 2131 2214 refectorio.

554 2347 711 2438 Cap.
754 2347 1008 2416 XXXI.
1096 2349 1200 2416 De
1261 2373 1336 2416 eo
1397 2351 1601 2438 quod,
1672 2353 1789 2438 qui
1840 2351 1931 2415 ad
1971 2349 2137 2414 hunc
2186 2350 2561 2413 canonicum
2602 2349 2814 2432 specia-

557 2450 854 2514 ordinem
917 2449 1108 2516 huius
1174 2453 1701 2537 conyreyationis
1770 2473 1839 2514 se
1898 2453 2151 2514 sociare
2198 2451 2369 2528 vult,
2438 2449 2519 2512 de
2554 2447 2739 2511 rebus
2780 2471 2816 2533 q

540 2550 838 2634 possidet
885 2550 976 2613 ad
1015 2551 1352 2616 ecclesiam
1393 2550 1571 2614 beati
1590 2548 1799 2614 Paul-2·
1824 2547 2505 2636 Apostolisolemnem
2536 2547 2817 2612 donatiom

537 2661 957 2733 praesentem
989 2647 1208 2735 faciet
1229 2675 1253 2729 ,·
1294 2663 1625 2713 reservato
1672 2662 1879 2714 tamen
1926 2664 2211 2735 tempore
2250 2651 2425 2714 vitae
2461 2671 2609 2714 suae
2632 2643 2813 2731 usufr

1491 2751 1708 2813 mario
1756 2749 1999 2813 ordine.

715 2877 902 2944 Licet
941 2880 1234 2964 legamus
1282 2890 1625 2965 antequam
1686 2881 2024 2946 ecclesiam
2095 2882 2211 2944 sub
2259 2889 2544 2968 tempore
2586 2879 2816 2966 Aposto

553 3000 700 3044 rum
745 2977 834 3042 ita
869 2979 1236 3044 unanimem
1299 2979 1814 3066 concordemque
1874 2979 2229 3062 exstitisse,
2300 2989 2365 3042 et
2422 2979 2507 3043 ita
2541 2979 2737 3043 omnia
2773 3000 2817 3042 r(

555 3078 794 3163 quisse,
838 3087 912 3142 ut
951 3076 1192 3164 singuli
1233 3079 1501 3167 praedia
1545 3102 1661 3145 sua
1700 3078 2059 3144 vendentes
2105 3078 2187 3143 ad
2226 3078 2431 3167 pedes
2481 3078 2817 3167 Apostolon

559 3179 770 3266 pretia
812 3189 1162 3266 ponerent3
1237 3190 1318 3244 ut
1356 3182 1574 3246 nullus
1638 3203 1867 3248 eorum
1910 3181 2029 3247 sibi
2072 3181 2316 3267 aliquid
2355 3182 2674 3270 proprium
2712 3179 2817 3243 dic<

554 3277 856 3362 auderet,
926 3280 1046 3344 sed
1087 3294 1272 3343 erant
1316 3282 1454 3345 illis
1502 3286 1716 3346 omnia
1761 3285 2155 3362 com-munim
2218 3281 2416 3348 Unde
2460 3291 2521 3346 et
2557 3281 2772 3346 habere
2808 3301 2817 3337 ι

563 3379 874 3443 cebantur
923 3401 1037 3443 cor
1080 3403 1280 3444 unum
1331 3393 1392 3444 et
1435 3383 1719 3446 animam
1762 3405 2006 3446 unam:
2070 3381 2358 3466 quotidie
2421 3380 2579 3445 enim
2620 3380 2766 3443 circa
2799 3399 2817 3438 c

559 3500 704 3542 mus
751 3499 990 3566 panem
1036 3479 1448 3565 frangentes,
1514 3480 1688 3566 quod
1742 3481 1811 3545 in
1851 3503 2189 3546 commune
2234 3480 2616 3568 accipiebant
2647 3487 2760 3542 tam
2791 3498 2817 3535 v

559 3598 748 3693 quam
798 3577 1125 3662 feminae,
1193 3600 1308 3644 seu
1350 3581 1602 3667 parvuli
1628 3631 1647 3664 ,
1727 3581 2063 3666 omnisque
2066 3555 2343 3666 ‘vulgus
2386 3580 2603 3644 ardore
2639 3577 2817 3642 fideiz

559 3677 776 3761 censi,
843 3687 1036 3762 atque
1088 3679 1156 3743 in
1198 3701 1418 3744 amore
1460 3680 1802 3766 religionis
1843 3681 2209 3770 provocati,
2254 3679 2495 3746 cunctis
2531 3701 2658 3743 cum
2694 3674 2817 3763 g1at1'

559 3799 706 3842 rum
749 3778 1002 3844 actione
1044 3779 1494 3845 sufficicntiam
1535 3785 1978 3870 praebebant3
2026 3781 2144 3846 sed
2192 3781 2339 3866 quia
2378 3779 2595 3845 nostris
2631 3787 2817 3864 temp01

569 3878 687 3944 bus
734 3879 1114 3968 persuaderi
1156 3903 1289 3946 non
1328 3891 1589 3970 potest,
1634 3885 1859 3947 saltem
1901 3883 2010 3947 vel
2045 3881 2172 3946 hoc
2220 3881 2689 3962 consentiamus,
2723 3885 2817 3942 utz

571 3977 1306 4066 aliquantulamcumque
1356 3981 1845 4048 similitudinem
1894 3979 2395 4047 conversationis
2442 4001 2636 4044 eorum
2674 3987 2817 4044 nostr·

567 4077 816 4143 animos
861 4081 1345 4147 contrahamus:
1411 4084 1564 4169 quia
1602 4082 1797 4148 nimis
1840 4083 2119 4164 inerter,
2183 4080 2561 4169 tepidaeque
2597 4103 2661 4144 ac
2690 4075 2817 4143 remi:

569 4197 678 4242 sae
725 4177 1086 4246 devotionis
1135 4191 1272 4265 est,
1334 4192 1408 4247 ut
1460 4183 1673 4268 quod,
1738 4182 1903 4247 sicut
1939 4181 2261 4263 diximus,
2332 4199 2519 4245 omne
2552 4179 2745 4264 vulgus
2770 4195 2817 4261 p1

759 4456 811 4526 1)
849 4460 924 4511 al.
965 4457 1266 4512 caminada.
