2959 4984
387 279 494 335 298
831 279 922 331 LI.
995 279 1304 330 LITERAE
1347 281 1442 330 ΡΠ
1479 280 1571 330 ῙΧ.
1613 279 1734 330 DIE
1774 279 1825 332 5.
1867 280 2033 331 Nov.
2073 281 2135 331 A.
2178 277 2333 331 1855.

389 446 512 510 lica
558 464 900 509 occurrere
947 450 1014 506 et
1055 443 1392 508 consulere
1429 465 1792 530 possemus.
1837 441 2067 527 Itaque
2106 464 2239 506 non
2271 441 2587 506 mediocri
2618 452 2795 506 certe

389 543 582 610 animi
641 543 865 619 Nostri
933 542 1268 630 voluptate
1326 542 1747 631 pientissimis
1807 543 2012 632 ipsius
2057 541 2377 630 Principis
2446 541 2795 606 desideriis

389 643 790 733 perlibenter
833 652 1230 725 annuentes,
1296 641 1813 708 Conventionem
1859 667 2006 708 cum
2049 644 2203 730 Ipso
2248 642 2605 706 ineundam
2657 642 2794 705 exi-

389 744 824 826 stimavimus,
887 766 962 808 ac
1003 743 1167 807 mira
1209 743 1485 828 quadam
1527 743 1968 808 consolatione
2012 742 2228 807 affecti
2275 743 2549 825 fuimus,
2594 765 2796 826 quan-

391 843 744 929 doquidem
793 842 1024 907 eadem
1070 843 1539 925 Conventione,
1590 844 1739 908 Deo
1785 846 1952 909 bene
1988 844 2279 927 juvante,
2328 851 2395 906 et
2436 842 2799 906 catholicae

395 943 725 1009 Ecclesiae
771 943 1157 1026 libertatem,
1203 945 1472 1029 ejusque
1502 944 1876 1008 veneranda
1902 945 2055 1028 jura
2080 943 2397 1027 majorem
2423 941 2491 1005 in
2526 941 2797 1005 modum

367 1043 560 1111 tueri
607 1053 676 1108 et
720 1043 1069 1126 vindicare,
1111 1067 1186 1108 ac
1228 1045 1430 1110 multa
1475 1066 1629 1109 sane
1668 1055 1734 1110 et
1774 1043 2160 1130 gravissima
2205 1040 2643 1106 ecclesiastica
2682 1063 2798 1106 ne-

325 1147 332 1151 ’
395 1145 574 1232 gotia
614 1143 684 1208 in
725 1144 1102 1209 vastissimis
1143 1145 1430 1208 universi
1469 1145 1645 1209 illius
1686 1143 1957 1232 Imperii
2004 1142 2352 1208 ditionibus
2397 1162 2799 1230 componere

388 1243 733 1332 potuimus.
785 1243 1106 1326 Quocirca
1152 1243 1307 1308 dum
1351 1245 1565 1309 eidem
1611 1243 1961 1310 Carissimo
2009 1243 2078 1308 in
2120 1240 2381 1308 Christo
2434 1241 2606 1305 Filio
2660 1240 2800 1305 No-

393 1353 527 1408 stro
571 1344 681 1408 vel
719 1342 998 1408 maxime
1043 1365 1128 1408 ex
1175 1343 1387 1408 animo
1435 1345 1872 1430 gratulamur,
1916 1366 1991 1407 ac
2032 1341 2292 1406 meritas
2334 1341 2797 1429 amplissimas-

392 1466 518 1529 que
565 1443 915 1508 deferimus
959 1444 1187 1510 laudes
1211 1494 1231 1527 ,
1277 1445 1450 1530 quod
1512 1454 1686 1510 tanto
1728 1443 1941 1510 studio
1990 1442 2455 1508 sanctissimam
2504 1448 2802 1505 nostram

390 1542 780 1630 religionem
824 1543 1119 1630 profiteri
1165 1553 1230 1608 et
1273 1545 1523 1630 colere,
1588 1568 1661 1608 ac
1700 1543 1840 1632 pari
1886 1543 2027 1608 Nos
2040 1592 2061 1628 ,
2124 1551 2191 1606 et
2230 1543 2401 1606 hanc
2441 1541 2624 1606 Petri
2672 1540 2800 1607 Ca-

395 1642 693 1708 thedram
738 1643 1144 1708 observantia
1190 1651 1256 1708 et
1295 1645 1714 1709 veneratione
1760 1643 2066 1732 prosequi
2111 1643 2449 1730 glorietur,
2492 1642 2611 1726 has
2658 1641 2801 1705 Vo-

395 1744 531 1826 bis,
577 1743 821 1808 Dilecti
863 1743 1012 1808 Filii
1053 1743 1280 1809 Nostri
1323 1767 1399 1808 ac
1442 1744 1874 1810 Venerabiles
1916 1743 2214 1825 Fratres,
2274 1741 2615 1807 scribimus
2658 1741 2803 1806 Lit-

399 1853 604 1926 teras,
670 1841 901 1927 quibus
967 1843 1304 1930 egregiam
1363 1867 1439 1908 ac
1493 1853 1903 1933 perspectam
1962 1852 2243 1908 vestram
2298 1841 2690 1956 religionem
2738 1849 2811 1906 et

392 1943 783 2030 pastoralem
825 1943 1325 2008 sollicitudinem
1371 1944 1565 2010 etiam
1610 1954 1816 2059 atque
1852 1943 2042 2008 etiam
2087 1922 2439 2007 excitamus
2456 1991 2479 2024 ,
2541 1951 2615 2006 ut
2659 1964 2802 2006 om-

392 2063 542 2106 nem
584 2041 1020 2130 percipientes
1061 2043 1407 2108 utilitatem
1457 2067 1545 2110 ex
1588 2043 1821 2130 majori
1858 2043 1974 2107 illa
2012 2041 2334 2124 libertate,
2382 2063 2509 2126 qua
2548 2040 2618 2105 in
2664 2064 2808 2106 om-

392 2141 580 2206 nibus
621 2141 762 2208 istis
805 2143 1186 2208 Austriacae
1234 2144 1689 2210 dominationis
1732 2143 2110 2230 regionibus
2154 2141 2467 2207 catholica
2494 2141 2807 2206 Ecclesia

392 2264 479 2308 ex
532 2241 688 2307 inita
733 2241 1182 2310 Conventione
1239 2243 1366 2308 frui
1420 2268 1497 2310 ac
1540 2244 1734 2332 potiri
1779 2243 1973 2331 plane
2020 2243 2251 2326 debet,
2322 2263 2572 2308 summa
2617 2263 2801 2322 cura,

389 2341 706 2408 industria
761 2352 830 2409 et
875 2345 1088 2409 studio
1137 2366 1359 2409 omnes
1403 2343 1745 2408 ministerii
1787 2343 1986 2408 vestri
2030 2351 2249 2431 partes
2294 2340 2377 2405 ad
2422 2341 2629 2428 ipsius
2670 2340 2833 2418 Eos

393 2443 628 2508 clesiae
670 2444 1161 2528 incrementum,
1209 2445 1402 2510 decus
1439 2455 1507 2511 et
1535 2443 2057 2533 prosperitatem,
2104 2453 2296 2528 atque
2325 2441 2408 2506 ad
2440 2441 2803 2506 animarum

391 2545 666 2608 salutem
711 2544 1206 2629 diligentissime
1248 2547 1525 2635 implere
1568 2545 1805 2610 velitis.
1866 2545 2059 2610 Nunc
2104 2545 2277 2610 enim
2315 2551 2609 2607 vestrum
2656 2542 2804 2624 erit,

396 2644 639 2709 Dilecti
691 2643 844 2708 Filii
887 2644 1114 2710 Nostri
1168 2669 1244 2710 ac
1291 2645 1718 2711 Venerabiles
1764 2645 2025 2711 Fratres
2042 2693 2063 2728 ,
2131 2643 2379 2709 collatis
2436 2643 2613 2706 inter
2652 2640 2801 2706 Vos

396 2743 676 2807 consiliis
720 2743 1189 2810 studiosissime
1235 2745 1616 2831 advigilare,
1658 2755 1733 2810 ut
1770 2745 1840 2810 in
1881 2745 2115 2810 vestris
2145 2743 2575 2809 Dioecesibus
2617 2765 2801 2806 sanc—

397 2843 679 2908 tissimae
712 2844 1058 2910 catholicae
1093 2845 1250 2909 fidei
1297 2846 1665 2934 depositum
1692 2847 2023 2933 integrum
2048 2845 2559 2930 inviolatumque
2590 2846 2805 2930 magis

404 2943 474 3006 in
517 2942 658 3006 dies
705 2943 1136 3027 custodiatur,
1203 2953 1268 3009 et
1307 2945 1605 3010 alacriori
1646 2969 1851 3032 usque
1892 2946 2035 3010 zelo
2082 2969 2156 3010 ac
2196 2945 2532 3032 vigilantia
2577 2955 2799 3010 rectae

403 3042 784 3108 clericorum
844 3042 1226 3110 institutioni
1280 3047 1688 3134 prospicere,
1738 3057 1825 3126 ‘et
1871 3045 2049 3114 Cleri
2108 3045 2516 3134 disciplinam
2559 3055 2800 3110 sartam

397 3150 763 3226 tectamque
811 3145 1013 3228 tueri,
1059 3155 1126 3211 et
1170 3145 1282 3213 ubi
1325 3147 1631 3235 prolapsa
1672 3156 1790 3230 est,
1832 3147 2211 3230 instaurare,
2258 3155 2325 3210 et
2361 3146 2801 3233 parochorum

398 3262 627 3305 munus
669 3242 922 3328 aliaque
961 3248 1390 3313 ecclesiastica
1430 3246 1750 3313 beneficia
1790 3247 2009 3335 dignis
2050 3247 2401 3329 dumtaxat,
2443 3245 2707 3310 idoneis
2737 3254 2803 3310 et

395 3341 696 3428 spectatis
741 3345 1188 3413 ecclesiasticis
1235 3348 1393 3413 viris
1437 3349 1767 3430 conferre,
1817 3358 1881 3412 et
1922 3349 2185 3414 salutari
2222 3347 2587 3433 juventutis
2640 3347 2798 3411 edu—

393 3439 624 3504 cationi
688 3444 1029 3510 consulere
1090 3456 1156 3510 ct
1209 3470 1489 3534 gregem
1548 3469 1740 3512 curae
1794 3456 2047 3513 vestrae
2106 3448 2515 3513 commissum
2586 3446 2789 3511 divini

391 3541 575 3606 verbi
636 3543 982 3632 praeconio
1049 3569 1124 3611 ac
1183 3548 1565 3613 salutaribus
1614 3548 1909 3633 monitis,
1978 3548 2489 3636 opportunisque
2534 3546 2797 3634 scriptis

393 3665 681 3728 pascere,
726 3667 800 3709 ac
843 3645 1109 3729 nutrire,
1161 3655 1228 3712 et
1270 3670 1416 3712 cum
1447 3649 1907 3732 Provinciales,
1957 3659 2093 3712 tum
2136 3649 2574 3714 Dioecesanas
2618 3645 2797 3732 Syn-

397 3743 556 3808 odos
595 3745 858 3828 habere,
898 3755 972 3809 ut
1011 3747 1238 3831 majori
1279 3757 1647 3813 vestrorum
1684 3749 1979 3814 fidelium
2024 3750 2193 3813 bono
2244 3747 2533 3832 quotidie
2587 3747 2801 3831 magis

396 3843 743 3928 providere
767 3845 1045 3932 possitis.
1089 3847 1240 3915 Jam
1262 3870 1419 3911 vero
1448 3850 1765 3914 nonnulla
1780 3849 2007 3932 Vobis,
2035 3848 2280 3913 Dilecti
2301 3847 2453 3912 Filii
2483 3847 2711 3912 Nostri
2736 3857 2805 3910 ct

396 3941 825 4011 Venerabiles
850 3945 1132 4030 Fratres,
1165 3947 1591 4034 significanda
1617 3971 1760 4014 esse
1791 3950 2101 4030 ducimus,
2128 3971 2292 4034 quae
2316 3949 2565 4034 aliquos
2595 3949 2802 4036 ipsius

403 4040 867 4111 Conventionis
897 4048 1200 4114 articulos
1227 4050 1581 4137 praecipue
1608 4050 1983 4138 respiciunt,
2026 4071 2317 4136 quaeque
2344 4073 2383 4112 a
2412 4047 2617 4114 Vobis
2650 4071 2799 4136 per-

398 4142 505 4207 fici
547 4154 614 4208 et
657 4149 1022 4213 executioni
1059 4149 1352 4214 mandari
1393 4160 1795 4240 exoptamuS,
1838 4149 2313 4235 ut'gratissima
2346 4150 2460 4213 illa
2482 4149 2654 4212 inter
2699 4171 2800 4214 ea-

399 4250 710 4316 tholicum
747 4251 920 4316 istud
939 4249 1296 4339 Imperium
1321 4261 1386 4315 et
1403 4251 1785 4335 Ecclesiam,
1807 4260 1873 4316 et
1896 4252 2064 4316 hanc
2088 4250 2535 4339 Apostolicam
2552 4247 2805 4315 Sedem

405 4350 610 4435 magis
639 4375 714 4416 ac
735 4351 944 4437 magis
988 4353 1282 4418 foveatur
1322 4351 1688 4435 concordia,
1741 4374 1826 4416 ex
1873 4373 1999 4437 qua
2038 4351 2109 4416 in
2148 4349 2558 4416 christianam
2604 4356 2672 4412 et
2714 4348 2801 4413 ci-

401 4450 602 4514 vilem
653 4451 1122 4538 rempublicam
1167 4452 1446 4518 maxima
1496 4475 1755 4540 semper
1820 4455 1985 4518 bona
2026 4451 2414 4516 redundant.
2460 4449 2688 4534 Atque
2732 4449 2800 4513 in
