2959 4984
373 271 482 330 288
811 275 1032 328 XLVII.
1109 275 1599 328 CONCORDATA
1636 273 2040 330 AUSTRIAGA
2080 279 2143 329 A.
2182 273 2341 329 1855.

379 466 490 510 eos
533 443 692 526 erit,
759 441 841 506 ad
903 463 1064 527 quos
1107 442 1466 508 secundum
1512 440 1811 509 Ganones
1855 451 2120 532 spectat.
2205 441 2493 507 Attentis
2560 450 2785 507 autem

379 543 715 626 subsidiis,
762 564 925 627 quae
967 543 1490 629 Angustissimus
1534 543 1899 633 Imperator
1942 544 2026 608 ad
2068 542 2511 608 Ecclesiarum
2552 565 2785 608 neces-

379 645 672 710 sitatibus
727 642 1207 732 providendum
1265 665 1350 708 ex
1406 644 1669 731 publico
1734 643 1981 708 aerario
2032 642 2315 729 benigne
2375 649 2667 730 praestat
2720 650 2793 706 et

377 744 764 834 praestabit,
827 742 1055 807 eadem
1098 745 1270 809 bona
1327 744 1528 808 vendi
1583 745 1693 808 vel
1752 743 2019 808 notabili
2084 743 2344 828 gravari
2405 764 2601 808 onere
2644 765 2791 807 non

378 853 721 934 poterunt,
783 843 908 907 nisi
959 852 1099 908 tum
1139 842 1382 909 Sancta
1424 843 1639 910 Sedes
1659 893 1679 927 ,
1740 851 1879 909 tum
1921 843 2227 929 Majestas
2272 840 2411 908 Sua
2454 839 2792 906 Caesarea

375 954 488 1010 aut
531 944 610 1028 ii,
669 944 901 1030 quibus
958 944 1084 1009 hoc
1125 966 1359 1010 munus
1404 943 1931 1009 demandandum
1978 942 2324 1026 duxerint,
2390 963 2793 1006 consensum

375 1045 738 1111 tribuerint.

540 1144 687 1210 Art.
728 1143 994 1212 XXXI.
1078 1143 1300 1227 Bona,
1345 1154 1511 1229 q'uae
1560 1145 1835 1229 fundOS,
1878 1142 1977 1209 uti
2017 1142 2367 1232 appellant,
2414 1141 2792 1228 Religionis

379 1255 448 1311 et
488 1245 853 1310 studiorum
898 1245 1341 1328 constituunt,
1409 1267 1495 1311 ex
1540 1245 2068 1330 eorumssorigine
2110 1243 2196 1308 ad
2241 1243 2575 1308 Ecclesiae
2622 1265 2789 1330 pro-

376 1347 718 1436 prietatem
761 1354 1084 1434 spectant,
1145 1353 1209 1408 et
1252 1346 1517 1410 nomine
1556 1345 1889 1410 Ecclesiae
1930 1343 2580 1426 administrabuntur,
2620 1342 2787 1431 Epi-

383 1447 596 1539 scopis
643 1445 1112 1532 inspectionem
1157 1444 1316 1533 ipsis
1379 1445 1663 1510 debitam
1726 1444 2179 1510 exercentibus
2237 1445 2429 1530 juxta
2482 1445 2789 1527 formam,

382 1548 466 1613 de
523 1570 650 1632 qua
693 1543 932 1612 Sancta
972 1543 1184 1611 Sedes
1253 1568 1396 1610 cum
1438 1545 1777 1630 Majestate
1834 1544 1973 1611 Sua
2030 1542 2351 1610 Caesarea
2418 1543 2789 1609 conveniet.

377 1648 652 1715 Reditus
693 1646 880 1710 fundi
923 1645 1317 1731 Religionis,
1375 1645 1639 1727 donec,
1655 1646 1902 1710 collatis
1945 1645 2113 1709 inter
2154 1645 2603 1733 Apostolicam
2652 1642 2788 1710 Se-

379 1747 534 1812 dem
583 1755 648 1812 et
683 1745 1090 1814 Gubernium
1132 1745 1482 1832 Imperiale
1526 1745 1829 1829 consiIiiS,
1870 1745 2110 1810 fundus
2157 1746 2297 1833 ipse
2342 1745 2663 1809 dividatur
2710 1745 2789 1810 in

380 1848 644 1914 stabiles
689 1856 753 1912 et
797 1845 1259 1910 ecclesiasticas
1298 1845 1701 1929 dotationes,
1770 1855 1962 1911 crunt
2006 1846 2339 1932 erogandi
2364 1846 2435 1910 in
2480 1845 2789 1910 divinum

381 1949 645 2030 cultum,
685 1947 754 2011 in
795 1945 1239 2010 Ecclesiamm
1275 1944 1569 2009 aedificia
1612 1955 1679 2010 et
1714 1945 1784 2009 in
1814 1943 2177 2012 Seminaria
2221 1955 2286 2010 et
2325 1947 2395 2010 in
2425 1968 2499 2011 ea
2532 1945 2783 2029 omnia,

381 2067 544 2134 quae
587 2045 1091 2112 ecclesiasticum
1133 2045 1492 2133 respiciunt
1534 2046 1984 2110 ministerium.
2031 2045 2143 2111 Ad
2174 2046 2559 2134 supplenda,
2605 2067 2787 2131 quae

381 2149 634 2231 desunt,
682 2145 990 2232 Majestas
1034 2143 1172 2211 Sua
1207 2145 1477 2227 eodem,
1522 2167 1651 2230 quo
1693 2147 2066 2232 hucusque,
2110 2147 2307 2212 modo
2348 2147 2789 2235 imposterum

377 2269 635 2337 quoque
679 2246 968 2334 gratiose
1015 2255 1386 2327 succurret3
1445 2245 1643 2311 immo
1704 2246 1759 2311 si
1798 2256 2166 2336 temporum
2208 2247 2375 2313 ratio
2418 2247 2783 2335 permittat,

377 2361 443 2416 et
496 2348 808 2436 ampliora
859 2345 1453 2412 subministraturus
1490 2354 1623 2410 .est
1681 2347 1985 2412 subsidia.
2073 2347 2223 2413 Pari
2264 2349 2460 2414 modo
2519 2347 2784 2413 reditus

377 2448 564 2515 fundi
614 2446 976 2513 studiorum
1016 2447 1207 2511 unice
1249 2445 1711 2534 impendentur
1757 2447 1827 2512 in
1886 2447 2263 2514 catholicam
2300 2447 2786 2514 institutionem

383 2560 450 2616 et
490 2551 682 2637 juxta
721 2548 896 2636 piam
936 2548 1352 2613 fundatorum
1393 2557 1698 2614 mentem.

542 2649 691 2714 Art.
731 2647 1020 2713 XXXII.
1086 2646 1364 2714 Fructus
1414 2649 1883 2714 beneficiorum
1925 2651 2310 2734 vacantium,
2350 2651 2421 2716 in
2465 2658 2789 2736 quantum

375 2751 711 2832 hucusque
755 2755 1134 2811 consuetum
1177 2747 1320 2830 fuit,
1357 2748 1723 2814 inferentur
1758 2749 1960 2815 fundo
1984 2750 2370 2836 Religionis,
2416 2748 2607 2835 eique
2632 2749 2783 2815 Ma.—

366 2852 568 2935 jestas
602 2848 739 2914 Sua
764 2846 1084 2911 Caesarea
1120 2847 1387 2935 proprio
1423 2858 1603 2913 motu
1650 2850 1939 2935 assignat
1982 2873 2239 2937 quoque
2264 2850 2783 2939 Episcopatuum

379 2958 446 3015 et
484 2947 912 3013 Abbatiarum
949 2947 1373 3010 saecularium
1411 2969 1532 3035 per
1559 2950 1971 3038 Hungariam
2015 2961 2082 3016 et
2118 2951 2397 3017 ditiones
2445 2951 2785 3037 quondam

377 3068 662 3114 annexas
701 3045 1063 3110 vacantium
1102 3046 1391 3132 reditus,
1468 3070 1629 3134 quos
1674 3051 1989 3137 Ejusdem
2030 3053 2099 3117 in
2141 3051 2522 3138 Hungariae
2560 3074 2783 3138 regno

375 3145 924 3213 Praedecessores
967 3167 1090 3235 per
1131 3146 1398 3234 longam
1443 3149 1849 3214 saeculorum
1894 3150 2130 3216 seriem
2162 3153 2512 3242 tranquille
2551 3175 2785 3240 posse-

377 3246 631 3313 derunt.
713 3246 794 3314 In
833 3247 972 3314 illis
1007 3248 1276 3338 Imperii
1323 3249 1694 3339 provinciiS,
1740 3251 1853 3316 ubi
1896 3251 2133 3317 fundus
2178 3252 2575 3340 Religionis.
2597 3253 2787 3319 haud

383 3356 600 3430 extat,-
663 3369 782 3436 pro
852 3349 1074 3434 quavis
1117 3350 1421 3416 Dioecesi
1486 3350 1906 3416 instituentur
1966 3353 2449 3419 commissiones
2508 3351 2784 3439 mixtae,

380 3471 549 3536 quae
580 3449 772 3534 juxta
834 3448 1106 3513 formam
1169 3459 1236 3515 et
1273 3453 1611 3537 regulam,
1682 3451 1764 3516 de
1811 3452 2041 3537 quibus
2083 3451 2405 3519 Sanctitas
2446 3451 2582 3522 Sua
2628 3476 2787 3520 cum

381 3549 701 3616 Caesarea
729 3546 1068 3633 Majestate
1112 3551 1470 3635 conveniet,
1518 3561 1647 3616 tam
1692 3574 1955 3618 mensae
2003 3551 2385 3643 episcopalis
2428 3576 2619 3640 quam
2659 3555 2786 3620 be·

378 3651 762 3717 neficiorum
808 3646 1092 3713 omnium
1136 3650 1306 3714 bona
1345 3652 1697 3718 vacationis
1745 3649 2059 3743 tempore
2085 3653 2642 3721 administrabunt.

545 3751 692 3817 Art.
732 3747 1059 3815 XXXIII.
1147 3747 1312 3816 Cum
1385 3751 1659 3818 durante
1712 3753 2204 3842 praeteritarum
2261 3752 2787 3820 vicissitudinum

374 3859 670 3940 tempore
711 3847 1042 3938 plerisque
1084 3845 1154 3913 in
1197 3849 1356 3914 locis
1400 3851 1785 3919 Austriacae
1836 3855 2097 3922 ditionis
2143 3851 2611 3921 ecclesiasticae
2658 3852 2783 3920 de-

381 3950 581 4018 cimae
625 3947 805 4016 civili.
838 3950 991 4036 lege
1043 3947 1125 4015 de
1167 3948 1384 4016 medio
1427 3954 1713 4020 sublatae
1750 3955 2031 4039 fuerint,
2075 3966 2141 4022 et
2181 3953 2439 4027 attentis
2486 3953 2785 4044 peculia-

374 4054 555 4123 ribus
601 4048 1091 4118 circumstantiis
1133 4047 1278 4116 fieri
1315 4075 1447 4118 non
1489 4052 1729 4141 possit,
1772 4065 1847 4120 ut
1894 4056 2267 4123 earumdem
2311 4054 2657 4145 praestatio
2706 4053 2787 4121 in

375 4167 511 4223 toto
555 4151 841 4242 Imperio
881 4152 1288 4236 restituatur,
1333 4152 1612 4220 instante
1654 4155 1995 4243 Majestate
2039 4156 2177 4224 Sua
2218 4166 2283 4222 et
2322 4152 2557 4221 intuitu
2598 4163 2783 4222 tran-

383 4255 715 4342 quillitatis
763 4254 1094 4344 publicae,
1156 4273 1320 4338 quae
1359 4252 1739 4340 Religionis
1766 4258 1875 4321 vel
1918 4259 2199 4324 maxime
2234 4258 2549 4340 interest,
2610 4253 2784 4324 San—

381 4358 566 4422 ctitas
610 4353 748 4420 Sua
791 4354 1108 4441 permittit
1157 4377 1233 4420 ac
1279 4354 1539 4437 statuit,
1582 4364 1659 4419 ut
1703 4358 1879 4423 salvo
1913 4359 2063 4444 jure
2110 4351 2425 4446 exigendi
2466 4357 2789 4445 decimas,

382 4456 494 4532 ubi
544 4455 626 4528 de
677 4454 846 4522 facto
905 4455 1126 4520 existit
1147 4503 1168 4542 ,
1233 4455 1374 4520 aliis
1429 4455 1500 4520 in
1544 4455 1703 4523 locis
1758 4460 2132 4526 earumdem
2176 4457 2579 4528 decimarum
2623 4459 2782 4529 loco
