2959 4984
409 274 518 330 242
689 277 989 330 XXXVIII.
1063 275 1308 329 BULLA
1343 279 1489 330 PRO
1526 277 1775 330 REGNO
1812 279 2222 332 BORUSSICO
2260 281 2325 332 A.
2368 277 2525 334 1821.

404 440 500 508 bit
544 463 630 506 ex
670 441 838 508 binis
880 442 1344 528 Dignitatibus,
1390 443 1891 533 Praepositurae
1930 443 2264 526 videlicet,
2306 467 2379 509 ac
2419 445 2795 528 DecanatuS,

405 563 492 611 ex
535 551 678 606 octo
731 540 1222 608 Canonicatibus
1269 543 1697 627 NumerariiS,
1748 566 1835 610 ex
1876 553 2151 630 quatuor
2180 545 2559 610 Honorariis
2608 544 2800 611 Cano-

400 641 738 724 nicatibuS,
787 651 852 706 et
897 664 932 706 e
973 663 1094 707 sex
1136 641 1434 726 Vicariis,
1479 667 1595 708 seu
1638 644 2125 710 Praebendatis.

571 740 812 826 (XIV.)
875 740 1283 810 Cathedralis
1329 743 1661 808 Ecclesiae
1693 743 2245 811 wratislaviensis
2295 745 2666 833 Capitulum
2708 745 2790 809 ef·-

414 841 784 909 formabunt
823 843 954 908 duo
996 844 1390 941 DignitateS,
1432 868 1560 909 una
1602 845 1911 910 videlicet
1948 845 2465 934 Praepositurae,
2512 857 2576 910 et
2616 847 2805 912 altera

401 941 794 1023 Decanatus,
845 943 1070 1008 decem
1121 934 1549 1010 Canonicatus
1589 939 1959 1010 Numerarii
2002 965 2277 1030 quorum
2320 947 2569 1034 primus
2596 944 2790 1012 Scho-

396 1040 608 1106 lastici
637 1041 1087 1108 Praebendam
1125 1045 1455 1112 adnexam
1496 1045 1777 1126 habebit,
1829 1067 1951 1111 sex
1985 1043 2413 1112 Canonicatus
2433 1046 2792 1128 Honorarii,

391 1150 582 1226 atque
627 1150 770 1206 octo
817 1143 1133 1226 Vicariae,
1180 1165 1296 1209 seu
1337 1144 1391 1208 P
1410 1145 1863 1210 raebendatUS.

485 1313 492 1320 ,
577 1244 785 1330 (XV.)
873 1243 1168 1308 Demum
1229 1244 1406 1327 quod
1467 1244 1731 1327 attinet,
1807 1245 1891 1308 ad
1947 1245 2403 1332 Episcopalem
2428 1245 2805 1316 ,Ecclesiam

400 1344 884 1426 Warmiensem
905 1392 922 1422 ‚
983 1343 1156 1408 illius
1205 1341 1597 1409 Cathedrale
1649 1342 2025 1432 Capitulum
2071 1345 2140 1409 in
2198 1367 2275 1408 eo
2324 1367 2451 1429 quo
2498 1369 2670 1410 nunc
2706 1367 2800 1410 re-

398 1445 648 1533 peritur
691 1452 856 1522 statu
903 1442 1246 1524 consistet3
1291 1452 1621 1508 reservata
1662 1453 1879 1508 tamen
1923 1444 2150 1526 Nobis,
2199 1467 2273 1508 ac
2296 1445 2603 1510 Romanis
2638 1445 2799 1509 Pon—

401 1545 684 1610 tificibus
749 1542 1252 1610 Successoribus
1312 1543 1571 1608 Nostris
1646 1544 1949 1608 facultate
2020 1543 2389 1632 Capitulum
2448 1544 2667 1631 ipsum
2728 1543 2803 1608 ad

409 1645 680 1712 aliarum
740 1644 808 1710 in
871 1643 1102 1728 Regno
1149 1643 1497 1708 Borussico
1558 1643 1971 1708 existentium
2020 1644 2459 1709 Ecclesiarum
2514 1667 2801 1709 normam

407 1746 838 1834 imposterum
880 1743 1343 1819 conformandi.

573 1843 813 1928 (XVI.)
832 1843 1066 1907 'Porro
1109 1843 1176 1906 in
1220 1843 1507 1928 qualibet
1552 1865 1637 1908 ex
1684 1844 2023 1910 antedictis
2055 1844 2363 1910 Ecclesiis
2408 1852 2535 1908 tam
2562 1843 2793 1908 Archi-

407 1943 877 2031 episcopalibus
924 1966 1120 2026 quam
1140 1943 1633 2031 Episcopalibus
1649 1944 2036 2012 Animarum
2068 1943 2617 2010 parochianorum
2657 1967 2801 2008 eura

390 2044 736 2110 habitualis
781 2043 1097 2108 residebit
1139 2065 1344 2132 penes
1365 2042 1757 2130 Capitulum,
1800 2045 2064 2110 actualis
2108 2067 2265 2109 vero
2311 2047 2389 2109 ab
2430 2067 2561 2108 uno
2612 2067 2649 2108 e
2690 2043 2804 2108 Ca-

388 2144 775 2231 pitularibus
829 2143 912 2210 ad
949 2144 1075 2208 hoc
1119 2165 1430 2230 expresse
1473 2143 1899 2230 designando,
1946 2155 2011 2210 et
2057 2145 2321 2233 praevio
2373 2144 2674 2210 examine
2716 2142 2795 2208 ad

389 2245 665 2310 formam
713 2267 1045 2308 sacrorum
1090 2241 1426 2309 Canonum
1469 2247 1549 2310 ab
1598 2245 1920 2310 ordinario
1968 2245 2389 2333 approbando
2436 2267 2587 2308 cum
2610 2245 2795 2308 Vica-

391 2345 640 2413 riorum
681 2344 926 2410 auxilio
973 2344 1418 2426 exercebitur-3
1465 2368 1541 2410 ac
1580 2345 1649 2409 in
1690 2365 2083 2430 unoquoque
2126 2366 2211 2408 ex
2250 2343 2485 2408 iisdem
2528 2341 2791 2432 Capitu-

391 2445 471 2510 lis
517 2444 648 2509 duo
700 2447 779 2510 ab
825 2443 1150 2510 ordinario
1221 2444 1535 2509 stabiliter
1582 2445 1937 2533 deputandi
1984 2453 2173 2509 erunt
2210 2442 2433 2508 idonei
2468 2441 2795 2524 Canoniei,

391 2569 430 2609 a
472 2567 752 2629 quorum
792 2567 922 2608 uno
965 2543 1458 2610 Poenitentiarii
1479 2593 1499 2627 ,
1542 2547 1622 2610 ab
1672 2545 1877 2610 altero
1921 2566 2079 2610 vero
2125 2567 2370 2609 sacram
2414 2543 2799 2632 scripturam

391 2646 574 2711 statis
641 2646 866 2712 diebus
909 2644 1184 2728 ,Populo
1257 2645 1653 2732 exponendo
1712 2645 2038 2729 Theologi
2097 2643 2465 2731 respective
2532 2664 2804 2708 munera

391 2744 680 2809 fideliter
720 2744 1216 2831 adimpleantur.

559 2843 834 2928 (XVII.)
925 2841 1219 2929 Singulis
1279 2844 1574 2931 profecto
1634 2865 1721 2909 ex
1758 2842 2293 2932 primodictorum
2340 2841 2789 2929 Capitulorum

395 2942 738 3012 Canonicis
785 2943 1169 3008 Honorariis
1195 2993 1216 3025 ,
1275 2965 1438 3028 quos
1498 2945 1583 3010 ad
1634 2944 2047 3032 personalem
2104 2941 2523 3009 residentiam
2588 2952 2655 3006 et
2714 2941 2795 3005 ad

391 3041 749 3110 Servitium
796 3041 995 3108 Chori
1035 3043 1299 3108 minime
1358 3045 1678 3130 obligatos
1728 3067 1871 3110 esse
1935 3044 2371 3124 declaramus,
2428 3042 2608 3106 idem
2652 3063 2797 3106 cum

385 3143 846 3210 Residentibus
893 3142 1234 3210 Canonicis
1285 3143 1497 3210 aditus
1540 3145 1625 3210 ad
1668 3144 1960 3211 Chorum
2008 3152 2075 3208 et
2104 3143 2199 3207 ad
2246 3151 2527 3206 caeteras
2570 3142 2793 3209 Eccle-

387 3243 674 3308 siasticas
717 3243 1108 3308 Functiones
1151 3245 1426 3332 patebit;
1470 3245 1749 3330 Nosque
1786 3244 1868 3310 ad
1911 3244 2117 3308 maius
2164 3241 2645 3330 praedictarum
2672 3241 2790 3306 Ec-

391 3343 732 3408 clesiarum
778 3343 997 3426 decus,
1035 3367 1109 3407 ac
1151 3345 1575 3432 splendorem
1619 3346 1915 3411 omnibus
1958 3343 2294 3408 antedictis
2328 3342 2795 3427 Dignitatibus,

399 3453 464 3508 et
491 3443 834 3510 Canonicis
876 3444 1210 3508 Indultum
1250 3445 1475 3509 utendi
1506 3446 1741 3510 iisdem
1763 3445 2083 3530 insigniiS,
2130 3443 2360 3528 quibus
2397 3452 2584 3508 antea
2620 3443 2792 3507 Erue-

394 3547 667 3627 bantur,
729 3566 1040 3632 expresse
1083 3544 1589 3630 confirmamus,
1656 3557 1721 3610 et
1780 3555 2094 3631 quatenus
2152 3565 2313 3632 opus
2373 3543 2456 3606 sit
2500 3542 2583 3608 de
2626 3565 2795 3608 novo

330 3653 335 3658 '
393 3645 827 3728 concedimuS,
873 3653 938 3709 et
977 3645 1350 3730 elargimur.

561 3745 875 3831 (XVIII.)
969 3744 1254 3812 Cuilibet
1295 3745 1593 3810 similiter
1640 3767 1726 3810 ex
1768 3746 2151 3835 supradictis
2196 3743 2515 3862 Capitulis
2560 3743 2794 3810 Cathe-

399 3845 685 3913 dralibus
726 3869 916 3928 nunc,
962 3855 1028 3910 et
1071 3868 1190 3934 pro
1235 3855 1533 3934 tempore
1584 3845 2031 3930 existentibus,
2076 3856 2151 3912 ut
2193 3846 2320 3934 ipsi
2362 3843 2797 3932 capitulariter
2836 3847 2843 3853 “

393 3947 776 4032 congregati
819 3969 938 4035 pro
989 3968 1178 4029 novo,
1231 3955 1296 4010 et
1322 3946 1811 4012 circumstantiis
1849 3948 2061 4034 magis
2094 3945 2507 4012 accomodato
2550 3965 2795 4010 earum-

387 4043 540 4110 dem
569 4046 1266 4135 Archiepiscopalium‚
1311 4055 1378 4110 et
1421 4046 1907 4136 Episcopalium
1930 4047 2391 4129 Ecclesiarum,
2439 4064 2787 4129 earumque

392 4143 594 4210 Chori
644 4147 1016 4231 quotidiano
1061 4146 1346 4230 servitiO,
1397 4169 1522 4212 nec
1556 4171 1689 4214 non
1730 4171 1985 4231 rerum,
2028 4171 2103 4216 ac
2143 4147 2382 4212 iurium
2426 4154 2559 4210 tam
2606 4143 2790 4232 spiri-

385 4245 673 4329 tualium,
718 4270 910 4332 quam
955 4247 1410 4334 temporalium
1450 4271 1789 4336 prospero,
1820 4249 2124 4334 felicique
2165 4246 2508 4334 regimine,
2546 4248 2783 4332 guber·-

385 4343 516 4428 nio,
559 4369 633 4410 ac
678 4347 1069 4432 directione,
1113 4369 1515 4432 onerumque
1552 4349 1635 4414 iis
1676 4348 2040 4438 respective
2084 4345 2591 4414 incumbentium
2639 4363 2787 4432 sup·

389 4446 751 4530 portatione
768 4494 789 4529 ‚
851 4448 1374 4516 distributionum
1419 4449 1932 4534 quotidianarum
1952 4499 1973 4534 ‚
2036 4460 2101 4516 et
2158 4450 2431 4515 aliorum
2490 4467 2789 4531 quorum-
