2959 4984
376 274 486 335 318
808 276 1053 329 vam.
1125 272 1614 329 CONCORDATA
1654 274 2013 335 BADENSIA
2054 278 2117 327 A.
2152 271 2310 327 1859.

374 462 482 507 ros
527 446 596 503 et
633 436 1002 525 suppositos
1045 444 1374 525 pam-onos,
1417 458 1535 505 seu
1574 436 1747 503 inter
1790 436 2259 507 ecclesiasticos
2303 440 2496 523 viros,
2535 440 2639 524 qui
2678 441 2757 505 ab

376 539 612 606 iisdem
653 538 940 627 patronis
990 536 1314 623 designati
1353 537 1617 607 fuerint.

539 656 938 744 Temporum
977 654 1226 719 ratione
1266 652 1485 719 habita
1524 651 1844 719 Sanctitas
1892 653 2029 721 Sua
2070 655 2407 743 permittit,
2454 666 2525 721 ut
2558 656 2763 722 Cleri:

380 780 602 822 corum
626 778 852 822 causae
876 776 1055 821 mere
1079 754 1321 839 civiles,
1369 762 1442 819 ut
1470 762 1931 839 contractuum,
1975 754 2367 839 debitorum,
2414 754 2763 821 haeredita-

379 866 516 923 tum
551 856 808 942 judices
849 857 1212 923 saeculares
1255 864 1651 941 cognoscant
1690 863 1755 921 et
1798 855 2129 921 definiant.

549 975 718 1041 Item
761 972 833 1041 S.
878 972 1091 1041 Sedes
1152 972 1511 1055 consentit,
1580 981 1655 1037 ut
1704 972 1851 1038 lites
1917 973 1999 1038 de
2040 973 2335 1039 civilibus
2368 972 2625 1062 juribus
2664 972 2773 1035 vel

381 1075 683 1141 oneribus
724 1072 1161 1141 Ecclesiarum
1180 1123 1201 1157 ,
1261 1072 1767 1157 beneficiorum,
1828 1072 2259 1157 decimarum,
2318 1094 2441 1139 nec
2498 1094 2632 1137 non
2694 1071 2775 1135 de

385 1198 586 1243 onere
648 1172 1066 1241 construendi
1126 1170 1420 1239 aedificia
1472 1173 1905 1241 ecclesiastica
1950 1174 2021 1241 in
2063 1174 2207 1240 foro
2250 1172 2567 1242 saeculari
2606 1171 2775 1237 deci-

389 1276 638 1343 dantur.
2278 1354 2284 1360 ,
2566 1351 2575 1361 q

549 1374 799 1443 Eadem
849 1375 932 1442 de
981 1397 1170 1441 causa
1215 1368 1286 1443 S.
1331 1372 1545 1439 Sedes
1588 1373 1762 1439 haud
1804 1372 2112 1463 impedit,
2163 1374 2507 1461 quominus
2553 1396 2779 1439 causae

391 1476 797 1543 Clericorum
835 1497 956 1563 pro
1003 1472 1375 1540 criminibus
1417 1494 1536 1539 seu
1583 1473 1869 1557 delictis,
1922 1496 2085 1559 quae
2128 1475 2511 1563 poenalibus
2558 1473 2784 1561 Magni

389 1579 680 1644 Ducatus
719 1571 979 1665 legibus
1023 1574 1641 1656 animadvertuntur,
1689 1574 1771 1638 ad
1806 1574 2099 1661 judicem
2128 1574 2369 1641 laicum·
2392 1575 2786 1656 deferantur,

395 1675 497 1741 cui
543 1685 758 1740 tamen
800 1675 1132 1758 incumbit,
1179 1674 1773 1763 Archiepiscopum
1816 1697 1894 1739 ea
1937 1675 2020 1740 de
2062 1697 2135 1741 re
2166 1678 2408 1763 absque
2438 1699 2625 1743 mora
2656 1696 2785 1740 cer—

390 1778 620 1841 tiorem
662 1776 963 1842 reddere.
1015 1776 1212 1860 Quod
1260 1774 1316 1841 si
1355 1775 1424 1841 in
1470 1775 1979 1844 ecclesiasticum
2020 1776 2233 1841 virum
2264 1776 2493 1841 mortis
2522 1777 2633 1843 vel
2660 1799 2787 1844 car-

389 1877 554 1942 ceris
608 1875 782 1945 ultra
843 1877 1355 1963 quinquennium
1409 1876 1699 1943 duraturi
1754 1876 2073 1941 sententia
2122 1878 2419 1969 feratur,
2446 1876 2788 1965 Archiepi-

387 2000 584 2065 scopo
631 1998 889 2066 semper
931 1986 1071 2045 acta
1105 1976 1446 2063 judiciaria
1492 1986 1682 2043 erunt
1722 1973 2255 2047 communicanda
2284 1970 2363 2043 'et
2390 1978 2781 2047 condemna-

390 2088 526 2143 tum
569 2067 874 2143 audiendi
919 2077 1186 2142 facultas
1231 2076 1347 2142 fiet
1366 2126 1388 2162 ,
1455 2086 1530 2143 ut
1574 2078 1657 2143 de
1702 2100 1918 2167 poena
1962 2077 2393 2157 ecclesiastica
2436 2076 2657 2143 eidem
2698 2078 2788 2141 in-

389 2179 680 2267 fligenda
722 2200 1117 2265 cognoscere
1159 2178 1386 2267 possit.
1427 2178 1575 2243 Hoc
1616 2178 1795 2245 idem
1840 2176 2153 2245 Antist-ite
2194 2187 2460 2269 petente
2504 2186 2789 2266 praesta-

389 2282 580 2364 bitur,
629 2279 685 2347 si
730 2280 942 2345 minor
979 2301 1190 2373 poena
1237 2279 1501 2347 decreta
1545 2279 1761 2346 fuerit.

555 2396 675 2465 VI.
719 2397 1240 2485 Archiepiscopi,
1287 2397 1445 2464 cleri
1486 2405 1555 2461 et
1590 2396 1813 2485 populi
1852 2404 2073 2461 mutua
2118 2418 2267 2461 cum
2308 2394 2387 2463 S.
2408 2394 2596 2465 Sede
2620 2418 2790 2461 com-

391 2496 734 2563 municatio
775 2497 846 2563 in
886 2500 1081 2565 rebus
1121 2494 1573 2566 ecclesiasticis
1612 2496 1819 2561 libera
1856 2496 1997 2560 erit.
2037 2494 2207 2562 Item
2234 2496 2790 2585 Archiepiscopus

399 2622 546 2666 cum
591 2598 765 2663 clero
814 2606 880 2663 et
917 2599 1162 2687 populo
1207 2598 1415 2664 libere
1459 2595 1973 2664 communicabit.
2018 2595 2194 2673 Hinc
2234 2596 2691 2669 instructiones
2732 2606 2795 2661 et

396 2698 832 2765 ordinationes
876 2698 1416 2787 Archiepiscopi,
1467 2720 1592 2763 nec
1634 2721 1763 2762 non
1810 2695 2069 2783 Synodi
2112 2696 2577 2780 dioecesanae,
2596 2696 2790 2763 --Con

397 2799 527 2868 cilii
587 2798 1001 2889 provincialis
1067 2809 1131 2868 et
1183 2798 1387 2887 ipsius
1432 2796 1504 2866 S.
1540 2795 1748 2865 Sedis
1790 2807 1931 2863 acta
1976 2798 2057 2863 de
2100 2799 2300 2877 rebus
2344 2746 2790 2863 ecclesiasticis

403 2900 542 2967 sine
575 2900 839 2988 praevia
863 2899 1265 2989 inspectione
1295 2900 1404 2964 vel
1429 2898 1947 2990 adprobatione
1925 2895 2247 2968 Gubernii
2276 2878 2789 2986 publicabuntur.

563 3015 716 3081 VII.
803 3015 1356 3103 Archiepiscopus
1419 3038 1507 3083 ex
1566 3015 1813 3105 proprii
1878 3016 2216 3105 pastoralis
2275 3014 2472 3082 officii
2512 3036 2789 3082 munere

409 3116 782 3203 religiosam
846 3116 1196 3185 catholicae
1250 3117 1611 3201 juventutis
1671 3126 1806 3183 tum
1850 3115 2338 3189 instructionem
2379 3125 2519 3185 tum
2563 3116 2785 3184 educa-

399 3216 638 3301 tionem
682 3217 752 3281 in
793 3215 1088 3285 omnibus
1129 3217 1372 3285 scholis
1413 3217 1689 3305 publicis
1732 3226 1799 3289 et
1836 3204 2105 3305 privatis
2154 3218 2433 3305 diriget,
2476 3226 2569 3283 et.
2595 3238 2787 3305 super

401 3327 674 3403 utraque
715 3317 1029 3404 vigilabit.
1114 3316 1402 3383 Proinde
1455 3325 1736 3399 statuet,
1786 3317 2058 3403 quinam
2114 3317 2198 3385 ad
2256 3318 2635 3403 religiosam
2690 3318 2781 3383 in-

402 3417 822 3487 structionem
863 3417 1013 3499 libri
1053 3426 1118 3491 et
1159 3417 1528 3487 catechismi
1571 3417 1923 3486 adhibendi
1964 3417 2110 3485 sint.

571 3536 654 3603 In
707 3534 951 3604 scholis
1001 3534 1436 3602 elementariis
1497 3534 1823 3652 religiosa·
1856 3534 2193 3604 instructio
2232 3560 2273 3599 a
2308 3490 2627 3609 Parochis
2668 3543 2783 3602 tra·

408 3637 679 3719 detur,
659 3660 727 3701 m
769 3634 1038 3721 reliquis
1083 3634 1320 3707 scholis
1357 3634 1619 3712 nonnisi
1663 3636 1799 3715 ab·
1780 3634 1935 3719 iis,
1960 3636 2193 3721 quibus
2228 3635 2313 3703 ad
2349 3635 2477 3704 hoo
2510 3644 2649 3706 tum
2682 3660 2785 3702 au,—

411 3738 774 3805 ctoritatem
818 3746 956 3805 tum
995 3734 1372 3808 missionem
1413 3736 1515 3803 Αι
1512 3734 2003 3881 chiepisc-opus
2017 3736 2361 3813 contulerit
2400 3750 2529 3811 nec
2570 3745 2785 3825 postea

401 3838 824 3909 revocaverit.

565 3954 756 4020 VIII.
833 3952 1143 4019 Liberum
1171 3906 1294 4016 erit
1318 3951 1835 4040 Archiepiscopo
1859 3951 2125 4039 erigere
2150 3903 2589 4021 Seminarium
2603 3953 2779 4038 juxa

407 4056 678 4121 formam
724 4052 998 4120 Concilii
1035 4052 1436 4139 Tridentini,
1491 4052 1560 4116 in
1604 4053 1779 4139 quod
1821 4053 2289 4135 adolescentes
2314 4061 2379 4118 et
2416 4074 2653 4140 pueros
2690 4052 2772 4117 in-

403 4154 776 4224 formandos
820 4153 1134 4236 admittet,
1177 4175 1360 4238 quos!
1381 4175 1502 4243 pro
1544 4153 1932 4219 necessitate
1979 4162 2043 4219 et
2089 4154 2364 4222 utilitate.
2396 4154 2773 4228 Dioeceseos

401 4277 554 4320 suae
604 4252 1014 4345 recipiendos
1065 4252 1344 4319 duxerit.
1427 4251 1637 4339 Hujus
1681 4250 2027 4343 Seminarii
2068 4254 2383 4322 ordinatio
2396 4303 2418 4337 ‚
2483 4254 2772 4343 doctrina,

401 4354 786 4443 gubernatio
829 4353 1396 4438 &administratio
1423 4352 1921 4443 Archiepiscopi
1948 4354 2308 4421 auctoritati
2331 4354 2529 4442 pleno
2556 4354 2770 4422 libero-

402 4475 531 4539 que
566 4453 730 4537 jurc-
764 4454 1092 4540 subjectae
1134 4463 1340 4536 crunt.
1381 4449 1742 4545 Propterea
1774 4454 2087 4524 Rectores
2128 4463 2197 4521 et
2218 4440 2631 4549 Professores
2670 4477 2771 4523 seu
