2959 4984
1025 297 1299 352 KARom
1334 301 1569 356 MAGNI
1616 304 1677 352 A.
1714 299 1834 358 789.
2554 307 2623 360 67

1175 469 1655 540 E,P1sc01>1s.

375 582 635 649 LVIII.
722 586 894 652 Item
949 589 1240 654 eiusdem
1255 640 1274 672 ,
1337 600 1410 655 ut
1453 591 1507 655 si
1556 592 1699 676 quis
1748 589 2155 656 sacerdotum
2203 601 2423 656 contra
2470 613 2617 656 con-

193 681 440 745 stituta
485 683 838 750 decretalia
877 690 1390 777 praesumptiose
1421 701 1593 776 agat,
1642 699 1706 754 et
1737 689 1976 776 corrigi
2004 691 2255 772 uelem,
2296 693 2375 757 ab
2404 690 2617 756 officio

197 803 326 845 suo
381 785 872 852 submoveatur.

489 918 604 973 Leo
625 961 638 988 ‚
678 939 725 974 c.
764 921 812 976 5.
881 921 1032 976 Haec
1069 922 1258 991 itaque
1296 923 1601 979 admonitio
1642 930 1838 979 nostra
1874 926 2183 994 denuntiat,
2222 929 2373 998 quod
2412 929 2459 984 si
2496 929 2621 998 quis

410 1004 656 1060 fratrum
691 1011 888 1062 contra
919 1007 1057 1062 haec
1092 1010 1400 1064 constituta
1439 1012 1631 1065 venire
1670 1013 1974 1066 tentaverit
1990 1054 2003 1080 ‚
2042 1018 2099 1068 et
2135 1014 2419 1083 prohibita
2453 1013 2623 1069 fuerit

413 1109 584 1146 ausus
625 1094 958 1164 admittere,
1017 1113 1050 1149 a
1089 1113 1187 1151 suo
1227 1116 1285 1152 se
1323 1099 1546 1153 noverit
1581 1098 1765 1153 officio
1800 1101 2238 1156 submovendum
2260 1142 2273 1168 ‚
2326 1119 2431 1158 nec
2472 1119 2617 1158 com-

414 1182 695 1235 munionis
731 1188 956 1237 nostrae
991 1184 1242 1239 futurum
1275 1204 1395 1240 esse
1431 1191 1752 1241 consortem
1788 1189 1883 1258 qui
1918 1188 2099 1244 socius
2138 1205 2259 1244 esse
2294 1207 2409 1244 non
2444 1189 2619 1244 voluit

415 1269 765 1340 disciplinae.
854 1271 938 1326 Ne
994 1273 1128 1341 quid
1181 1289 1311 1328 vero
1363 1276 1436 1329 sit
1489 1277 1637 1344 quod
1700 1278 2157 1345 praetermissum
2204 1295 2239 1332 a
2284 1277 2443 1333 nobis
2478 1277 2624 1337 forte

415 1359 698 1426 credatur,
742 1361 928 1414 omnia
967 1360 1275 1416 decretalia
1310 1363 1643 1431 constituta,
1696 1369 1814 1418 tam
1847 1365 2047 1420 beatae
2094 1363 2500 1420 recordationis
2536 1365 2624 1420 In-

414 1447 668 1502 nocentii
726 1465 890 1516 quam
925 1449 1173 1502 omnium
1208 1449 1566 1503 decessorum
1598 1455 1917 1506 nostrorum
1936 1492 1950 1520 ‚
2006 1469 2145 1521 quae
2194 1452 2262 1506 de
2296 1451 2625 1508 ecclesiasti·

416 1534 498 1588 cis
538 1535 828 1590 ordinibus
875 1541 933 1590 et
971 1554 1241 1590 canonum
1279 1538 1636 1608 promulgata
1678 1545 1808 1594 sunt
1858 1540 2165 1610 disciplinis
2180 1582 2194 1610 ,
2242 1541 2325 1596 ita
2372 1557 2405 1594 a
2438 1544 2625 1595 vestra

417 1622 722 1678 dilectione
759 1623 1028 1678 custodiri
1065 1625 1270 1678 debere
1305 1626 1660 1694 mandamus,
1702 1630 1766 1680 ut
1810 1628 1858 1681 si
1894 1629 2015 1696 quis
2053 1629 2113 1682 in
2147 1629 2245 1682 illa
2266 1627 2621 1697 commiserit,

415 1709 638 1765 veniam
681 1710 787 1764 sibi
823 1711 1086 1780 deinceps
1123 1712 1344 1767 noverit
1383 1713 1663 1784 denegari.

1189 1887 1657 1944 EPISCOPIS.

372 2005 558 2070 LIX.
645 2008 726 2072 In
771 2008 1046 2074 decretis
1075 2010 1324 2078 Gelasii
1366 2033 1589 2100 papae,
1630 2020 1705 2076 ut
1744 2011 1961 2076 nullus
2007 2010 2346 2099 episcopus
2390 2009 2613 2076 viduas

191 2107 438 2170 velare
482 2118 874 2195 praesumat.

489 2225 742 2281 Gelasius
781 2245 827 2282 c.
865 2231 951 2284 ⁶23.
1017 2228 1225 2282 Viduas
1283 2233 1471 2282 autem
1526 2230 1709 2284 velare
1750 2227 2089 2299 Pontificum*
2132 2229 2313 2283 nullus
2348 2233 2616 2284 attentet:

413 2312 565 2381 quod
604 2330 708 2368 nec
744 2314 1047 2369 auctoritas
1085 2315 1275 2369 divina
1307 2315 1559 2386 delegat,
1608 2333 1714 2369 nec
1752 2331 2023 2369 canonum
2058 2315 2237 2369 forma
2270 2315 2611 2384 praestituit.

411 2399 541 2456 Non
577 2404 664 2454 est
701 2417 834 2470 ergo
874 2401 1098 2471 penitus
1133 2402 1546 2472 usurpandum,
1597 2403 1785 2470 eisque
1836 2401 1916 2455 sic
1954 2400 2331 2456 ecclesiastica
2368 2406 2499 2455 sunt
2530 2402 2611 2456 in-

414 2486 646 2541 ferenda
677 2489 972 2557 praesidia,
1015 2494 1080 2543 ut
1111 2489 1250 2544 nihil
1287 2491 1670 2544 committatur
1708 2488 2005 2544 inlicitum.

1180 2655 1657 2711 EPISCOPIS.

373 2771 562 2836 Haec
602 2771 794 2852 enim,
846 2771 1266 2855 dilectissimi,
1307 2774 1416 2862 pio
1461 2774 1676 2838 studio
1722 2783 1789 2838 et
1830 2794 2065 2858 magna
2106 2770 2469 2836 dilectionis
2514 2772 2610 2835 in-

196 2871 500 2936 tentione
529 2880 810 2935 vestram
841 2871 1346 2938 unianimitatem
1376 2895 1746 2938 ammonere
1776 2871 2158 2953 studuimus,
2204 2892 2365 2955 quae
2399 2869 2607 2958 magis

199 2957 581 3038 necessaria
629 2970 1014 3036 videbantur
1034 3021 1053 3054 ,
1115 2981 1188 3036 ut
1231 2983 1600 3038 sanctorum
1642 2983 1898 3062 patrum
1944 2970 2263 3037 canonicis
2304 2970 2611 3036 institutis

199 3073 664 3154 inhaerenteS,
727 3072 1012 3159 praemia
1068 3095 1212 3136 cum
1255 3073 1383 3137 illis
1425 3084 1724 3138 aeternae
1767 3073 2088 3137 felicitatis
2136 3070 2431 3158 accipere
2472 3093 2606 3137 me—

197 3171 500 3236 reamini.
593 3168 733 3236 Scit
779 3193 1057 3256 namque
1101 3173 1446 3260 prudentia
1486 3183 1701 3238 vestra
1726 3223 1745 3256 ‚
1794 3196 1984 3258 quam
2029 3172 2303 3236 terribili
2346 3172 2607 3236 anathe—
2656 3193 2661 3196 ·

197 3271 394 3336 matis
444 3293 718 3336 censura
753 3271 1067 3337 feriantur
1110 3273 1218 3358 qui
1262 3274 1777 3362 praesumptiose
1823 3281 2043 3338 contra
2087 3280 2321 3338 statuta
2348 3272 2607 3336 univer—

201 3372 441 3437 salium
492 3372 909 3437 conciliorum
950 3373 1174 3438 venire
1207 3374 1503 3438 audeant.
1552 3376 1965 3462 Quapropter
1992 3383 2057 3438 et
2083 3395 2199 3436 vos
2230 3372 2605 3459 diligentius

199 3495 652 3538 ammonemus
667 3521 686 3554 ,
740 3481 816 3536 ut
866 3470 1039 3538 omni
1083 3473 1439 3538 intentione
1486 3474 1651 3539 illud
1688 3474 2001 3540 horribile
2048 3473 2473 3540 execrationis
2516 3472 2608 3536 iu-

198 3572 446 3638 dicium
491 3573 678 3638 vobis
725 3595 953 3638 cavere
999 3574 1346 3657 studeatis,
1410 3575 1529 3640 sed
1573 3574 1781 3661 magis
1828 3575 2130 3640 canonica
2171 3573 2461 3638 instituta
2505 3592 2602 3634 se-

202 3683 522 3758 quenteS,
587 3683 652 3738 et
705 3674 971 3763 pacifica
1026 3675 1270 3739 unitate
1330 3675 1649 3758 nitenteS,
1708 3675 1790 3741 ad
1848 3685 2111 3740 aeterna
2151 3672 2326 3760 pacis
2368 3669 2606 3756 gaudia

199 3773 434 3838 venire
481 3772 666 3859 digni
714 3773 1099 3840 efficiamini.
1145 3773 1316 3842 Sunt
1361 3799 1618 3862 quoquc
1660 3776 1872 3861 aliqua
1915 3775 2190 3863 capitula
2222 3793 2384 3856 quae
2418 3771 2603 3836 nobis

202 3872 390 3937 utilia
432 3873 586 3937 huic
625 3874 1042 3961 praecedenti
1087 3877 1545 3942 ammonitione
1586 3879 1980 3962 subiungere
2022 3875 2161 3938 visa
2202 3880 2368 3936 sunt.

1207 4045 1607 4122 OMNIBUS.

367 4159 513 4226 LX.
601 4160 824 4225 Primo
870 4161 1188 4244 omnium,
1231 4174 1306 4228 ut
1345 4165 1511 4229 fides
1558 4165 1869 4231 catholica
1908 4167 1987 4230 ab
2033 4161 2374 4250 episcopie,
2419 4179 2598 4247 pres-

198 4261 486 4346 byteris,
547 4260 900 4347 diligenter
953 4262 1240 4348 legatur,
1307 4274 1374 4329 et
1428 4265 1603 4330 omni
1648 4265 1894 4353 populo
1942 4259 2389 4351 praedicetur3
2455 4258 2603 4345 quia

201 4359 330 4426 hoc
383 4361 666 4449 primum
707 4370 1127 4447 praeceptum
1172 4372 1270 4428 est
1311 4363 1579 4428 Domini
1623 4365 1755 4429 Dei
1801 4359 2258 4451 omnipotentis
2299 4360 2369 4424 in
2408 4360 2596 4445 lege:

203 4457 403 4540 Audi,
458 4459 693 4536 Israel,
744 4461 896 4548 quia
922 4457 1238 4526 Dominus
1254 4461 1434 4527 Deus
1476 4475 1619 4529 tuus
1656 4462 1834 4528 Deus
1878 4485 2041 4529 unus
2088 4475 2203 4527 est.
2247 4461 2335 4527 Et
2371 4469 2445 4525 ut
2485 4459 2598 4522 ille
