2959 4984
417 288 689 341 Lxxvn.
759 286 1006 341 sunm
1044 288 1184 339 pso
1219 287 1467 341 aneso
1514 284 2007 341 moscovrrrco
2048 288 2111 339 A.
2152 266 2311 340 1848.
2467 286 2579 341 475

177 452 520 519 Ganonum
555 451 1010 535 sanctionibus,
1044 458 1112 517 et
1137 450 1535 539 Apostolicis
1554 448 2137 517 constitutionibus
2162 448 2346 515 nullo
2378 452 2573 519 modo

185 554 616 619 adversentur
634 600 654 633 ,
729 552 845 617 sed
889 550 1125 615 iisdem
1170 551 1362 639 plane
1405 550 1533 615 sint
1578 559 2007 615 consentanea
2026 600 2047 633 ,
2098 551 2305 616 veluti
2363 562 2577 621 cetera

185 680 306 745 pro
357 655 500 721 aliis
547 650 1046 718 Cathedralibus
1079 650 1395 739 Capitulis
1439 658 1693 732 statuta,
1732 670 1899 734 quae
1939 649 2195 738 saepius
2234 652 2576 721 nominatis

175 754 578 843 Apostolicis
639 752 872 817 litteris
929 773 1059 817 ree.
1107 772 1299 816 mem.
1343 750 1444 815 Pii
1490 750 1591 815 VI
1635 749 2021 815 Decessoris
2064 750 2291 817 Nostri
2334 776 2565 841 appro-

174 858 321 921 bata
365 856 571 919 fuere.
657 853 844 935 Quae
892 850 1300 917 Cathedralis
1341 849 1675 916 Ecclesiae
1730 849 2203 917 Chersonensis
2250 850 2573 941 Capitulu-

174 956 270 1021 ria
317 952 578 1021 Statuta
593 1002 613 1035 ,
659 960 1008 1040 postquam
1053 952 1344 1016 confecta
1381 950 1642 1035 fuerint,
1682 950 1873 1037 hujus
1918 949 2337 1039 Apostolicae
2380 951 2576 1019 Sedis

165 1054 418 1141 judicio
462 1052 866 1140 subjicienda
903 1050 1324 1135 mandamus,
1363 1058 1441 1116 ut
1477 1050 1771 1135 ejusdem
1816 1048 1887 1116 S.
1938 1046 2134 1117 Sedis
2179 1052 2576 1119 sanctionem

170 1163 668 1239 consequantur.
756 1150 924 1219 oum
963 1171 1122 1215 vero
1167 1149 1388 1215 idonei
1426 1148 1763 1215 Ecclesiae
1802 1150 2084 1216 Ministri
2146 1172 2277 1217 non
2318 1152 2441 1217 nisi
2484 1174 2571 1219 ex

172 1253 449 1321 Clericis
500 1253 744 1341 optimc
789 1250 1097 1316 institutis
1163 1249 1308 1313 fieri
1355 1249 1607 1337 possint
1626 1300 1647 1334 ,
1708 1250 2009 1315 volumus
2058 1259 2133 1315 ut
2175 1250 2245 1316 in
2290 1250 2569 1319 Cherso-

167 1353 358 1419 nensi
397 1352 584 1425 Urbe
627 1350 1030 1419 Olerieorum
1062 1344 1496 1417 Seminarium
1523 1350 1913 1433 instituatur,
1961 1350 2029 1414 in
2070 1370 2199 1437 quo
2233 1352 2423 1437 juxta
2468 1376 2564 1419 sa-

171 1453 646 1542 pientissimam
667 1503 688 1537 ,
749 1475 824 1516 ae
883 1450 1517 1538 providentissimam
1562 1448 1837 1516 Concilii
1877 1449 2241 1515 Tridentini
2284 1462 2570 1519 mentem

173 1554 628 1620 adolescentes
673 1551 913 1617 Clerici
980 1550 1090 1616 vel
1149 1575 1188 1617 a
1243 1551 1486 1617 teneris
1548 1550 1731 1617 annis
1784 1550 1867 1615 ad
1922 1570 2178 1618 omnem
2244 1552 2572 1639 pietatem,

171 1655 508 1736 virtutem,
551 1663 620 1719 et
661 1652 1157 1719 ecclesiasticam
1201 1650 1611 1737 disciplinam
1647 1659 1895 1715 mature
1938 1670 2013 1714 ac
2057 1648 2409 1735 diligenter
2448 1652 2566 1719 fin-

173 1763 438 1841 gantur,
479 1776 554 1818 ac
594 1753 886 1821 doctrina
926 1753 1118 1843 plane
1163 1750 1510 1835 catholica,
1580 1759 1647 1815 et
1689 1752 1769 1815 ab
1825 1749 1997 1815 omni
2054 1772 2321 1837 prorsus
2363 1752 2571 1837 cujus-

173 1876 304 1941 que
356 1852 596 1919 erreris
639 1852 932 1940 periculo
973 1852 1184 1917 aliena
1227 1842 1699 1915 studiosissime
1742 1848 2135 1916 erudiantur.
2202 1848 2426 1937 Atque
2466 1850 2574 1919 hic

168 1954 348 2020 haud
391 1973 734 2042 possumus
801 1953 962 2037 quin·
1001 1948 1472 2017 Chers'onensis
1516 1948 1849 2015 Ecclesiae
1889 1949 2186 2016 Antistiti
2231 1950 2427 2017 etiam
2474 1960 2567 2017 at-

169 2074 301 2139 que
341 2052 536 2118 etiam
574 2052 1007 2135 inculcemus,
1075 2062 1148 2115 ut
1189 2050 1442 2136 quoties
1484 2050 1586 2115 sui
1625 2050 1855 2137 gregis
1891 2050 2247 2118 necessitas
2287 2052 2569 2138 postula-

166 2152 361 2236 verit,
417 2164 786 2238 numquam
816 2152 1068 2217 omittat
1133 2171 1256 2239 per
1309 2171 1487 2217 suam
1529 2150 1906 2217 Dicecesim
1952 2149 2385 2239 Presbyteros
2424 2152 2569 2217 mit-

167 2262 312 2317 tere
330 2302 352 2337 ,
393 2252 518 2336 qui
560 2252 952 2318 Missionarii
993 2272 1264 2317 munere
1307 2252 1659 2337 fungentes
1706 2252 1919 2317 omnia
1962 2252 2320 2341 spiritualia
2366 2250 2567 2317 subsi-

173 2352 284 2417 dia
335 2349 688 2417 Catholicis
731 2352 1046 2439 praebere
1089 2350 1360 2438 possint.
1423 2348 1620 2433 Quod
1668 2350 1934 2435 quidem
1979 2370 2055 2415 eo
2096 2350 2352 2415 facilius
2392 2348 2571 2415 idem

168 2450 467 2517 Antiates
508 2459 838 2539 praestare
891 2450 1163 2538 poterit,
1209 2466 1355 2514 cum
1403 2448 1718 2514 sancitum
1762 2450 1959 2515 fuerit
2002 2449 2433 2535 Presbyteros
2475 2450 2570 2539 ip-

169 2570 276 2615 sos
319 2550 646 2617 Gubernii
673 2550 1020 2639 impendiis
1063 2571 1206 2615 esse
1249 2549 1725 2615 sustentandos.

331 2650 486 2717 Jam
526 2666 725 2739 porro
771 2650 984 2736 quoad
1023 2648 1406 2739 temporalia
1443 2648 1731 2715 subsidia
1776 2648 1951 2716 idem
1974 2644 2445 2715 serenissimus
2486 2672 2563 2715 ac

167 2749 682 2817 Potenti-seimus·
714 2751 1089 2819 Russiarum
1144 2750 1545 2839 Imperator,
1612 2760 1677 2815 et
1734 2748 2046 2815 Poloniae
2101 2750 2249 2816 Rex
2286 2746 2569 2814 Illustris
2586 2820 2609 2839 ⁶

169 2851 531 2940 spopondit
555 2898 576 2934 ,
631 2872 702 2915 se
743 2850 954 2916 omnia
997 2851 1283 2937 benigne
1331 2859 1699 2918 curaturum
1718 2899 1737 2933 ‚
1796 2860 1991 2935 atque
2035 2849 2420 2917 effecturum
2438 2897 2461 2933 ,
2498 2859 2573 2915 ut

168 2950 552 3037 hujusmodi
593 2951 872 3017 salutare
919 2950 1256 3037 negotium
1297 2971 1613 3039 prospere
1656 2950 2047 3016 conficiatur.
2136 2949 2459 3034 Quocirca
2499 2949 2569 3017 in

169 3052 320 3138 ipsa
381 3046 816 3117 Chersonensi
865 3052 1028 3117 urbe
1083 3050 1279 3116 aedes
1321 3050 1474 3115 satis
1516 3050 1790 3117 idoneae
1848 3061 2043 3137 atque
2088 3050 2392 3117 decentes
2421 3099 2443 3135 ,
2500 3060 2567 3117 et

168 3148 392 3235 quoad
435 3149 580 3215 fieri·
621 3150 862 3237 poterit
899 3146 1272 3216 Cathedrali
1297 3149 1575 3238 Templo
1616 3148 2054 3237 proximiores
2096 3148 2565 3239 comparandae

161 3258 366 3315 erunt
401 3268 524 3337 pro
566 3250 877 3339 Episcopi
918 3249 1331 3333 habitatione,
1373 3250 1659 3333 itemque
1717 3248 1843 3314 alia
1900 3248 2194 3314 aedificia
2234 3249 2387 3315 satis
2437 3272 2565 3315 am-

163 3348 282 3437 pla
329 3357 394 3413 et
435 3350 776 3415 commoda
817 3342 1204 3414 destinanda
1257 3371 1380 3437 pro
1428 3348 1832 3413 Clericorum
1875 3344 2263 3415 Seminario.
2370 3348 2566 3432 Quod

157 3458 384 3515 autem
429 3450 658 3517 attinet
697 3450 778 3513 ad
820 3449 1092 3533 reditus,
1145 3449 1254 3535 qui
1293 3449 1659 3515 necessario
1696 3448 2093 3515 attribuendi
2136 3458 2305 3534 sunt,
2350 3457 2425 3514 ut
2456 3468 2563 3513 res

159 3567 397 3616 omnes
443 3550 525 3615 ad
567 3548 872 3615 eumdem
913 3547 1436 3615 Chersonensem
1481 3548 1947 3638 Episcopatum
2006 3549 2409 3638 pertinentes
2454 3566 2565 3635 op-

155 3658 368 3715 tatum
409 3658 831 3735 assequantur
872 3650 1176 3716 effectum
1190 3700 1210 3735 ,
1265 3649 1406 3738 ipsa
1443 3649 1849 3738 Episcopalis
1891 3647 2151 3731 Mensa,
2195 3645 2397 3711 veluti
2440 3654 2560 3711 sta-

157 3758 378 3815 tutum
421 3760 520 3815 est
543 3802 562 3834 ,
640 3772 922 3815 annuum
979 3772 1242 3816 censum
1299 3750 1573 3815 habebit.
1636 3758 1909 3835 quatuor
1968 3745 2245 3813 millium
2308 3743 2561 3830 quadri-

167 3858 524 3937 gentorum
583 3850 912 3937 octoginta
960 3850 1295 3916 rublorum
1349 3858 1850 3935 argenteorum3
1922 3845 2198 3932 quisque
2248 3866 2406 3911 vero
2472 3866 2560 3911 ex

158 3949 420 4014 duobus
471 3950 766 4035 ejusdem
807 3947 1234 4039 Episcopatus
1276 3947 1729 4035 Suffraganeis
1770 3948 1923 4012 dote
1960 3947 2248 4031 fruetur,
2292 3964 2417 4031 qua
2454 3943 2563 4011 alii

156 4047 474 4137 Episcopi
517 4046 936 4135 Suffraganei
978 4050 1048 4115 in
1089 4048 1398 4117 Russiaco
1431 4048 1719 4137 Imperio
1760 4046 2113 4136 potiuntur,
2160 4045 2409 4111 scilicet
2448 4066 2558 4111 an-

153 4168 294 4213 nuo
335 4142 554 4213 reditu
601 4146 704 4212 bis
748 4146 928 4212 mille
970 4148 1306 4213 rublorum
1351 4156 1835 4234 argenteorum.
1879 4144 2010 4209 Pro
2058 4143 2402 4211 Canonisis
2446 4166 2556 4210 au·

151 4258 296 4313 tem
313 4294 335 4330 ,
405 4256 474 4313 et
511 4246 958 4313 Mansionariis
1001 4246 1410 4313 Cathedralis
1448 4246 1711 4335 Templi
1756 4245 2233 4312 Chersonensis
2251 4292 2273 4328 ,
2320 4266 2395 4309 ac
2432 4264 2555 4333 pro

161 4344 410 4411 tuenda
467 4345 673 4433 ipsius
711 4346 969 4436 Templi
1009 4357 1074 4413 et
1121 4344 1402 4413 Sacrarii
1445 4348 1724 4431 fabrica,
1794 4344 2081 4431 itemque
2151 4368 2272 4436 pro
2316 4347 2563 4435 impen-

157 4445 290 4513 diis
333 4466 499 4531 qnae
541 4446 626 4511 ad
675 4468 918 4513 sacram
963 4448 1485 4537 suppellectilem
1526 4449 1635 4513 vel
1674 4445 2201 4535 comparandam,
2260 4448 2370 4513 vel
2408 4447 2559 4515 refi-
