2959 4984
415 234 524 292 290
681 234 928 286 XLVIII.
1005 231 1318 284 Ll'rmssffl
1355 229 1800 285 ARCHIEPISO.
1842 231 2267 286 VIENNENSOE
2304 231 2370 284 A.
2414 229 2573 286 1855.

413 402 607 490 giunt
651 420 896 481 01111103,
935 399 1048 484 qui
1092 398 1254 462 salvi
1299 397 1468 462 fiunt
1512 399 1581 462 in
1620 397 1819 464 vitam
1866 406 2233 480 aeternam3
2306 397 2543 464 nostris
2602 405 2813 462 autem

422 499 820 589 temporibus
860 497 1186 563 Dominus
1233 497 1547 562 mundum
1586 497 2089 586 promissionum
2108 495 2349 561 Christi
2394 497 2667 562 oblitum
2699 499 2815 562 cla-

416 599 688 667 rissimis
733 597 1132 682 argumentis
1173 596 1458 679 edocuit,
1506 597 1885 684 temporalis
1930 618 2189 682 quoque
2231 597 2401 662 vitae
2442 597 2629 662 bonis
2674 620 2815 686 pes-

419 701 644 766 simam
689 697 1026 762 imminere
1067 696 1354 781 ruinam,
1399 697 1528 761 nisi
1568 695 1902 762 Ecclesiae
1950 696 2256 766 salutaris
2296 697 2581 764 influxus
2622 698 2819 764 socie-

419 798 564 866 tatis
607 794 810 861 civilis
860 796 1282 862 fundamenta
1323 796 1679 862 confirmet.
1759 796 2065 862 Vicissim
2108 805 2545 884 tempestateS,
2590 788 2819 882 quibus

419 897 640 984 agitati
685 919 928 980 sumus,
971 896 1145 960 haud
1195 898 1468 961 obscure
1510 896 1885 980 innuerunt,
1934 897 2154 982 quanti
2194 920 2328 984 pr0.
2355 896 2653 962 Ecclesia
2690 897 2817 962 Dei

419 996 728 1061 momenti
773 996 893 1078 sit,
954 1005 1028 1060 ut
1057 999 1352 1084 'potestas
1416 995 1621 1060 civilis
1687 997 2005 1061 effrenem
2062 997 2441 1084 cupidinum
2500 997 2823 1062 licentiam

422 1119 613 1164 manu
657 1095 808 1160 forti
847 1105 1250 1185 compescat3
1301 1095 1545 1183 quippe
1584 1104 1805 1161 nostro
1836 1118 1997 1162 aevo
2022 1095 2353 1162 Ecclesiae
2396 1118 2503 1161 res
2544 1106 2645 1162 est
2682 1120 2821 1161 cum

419 1196 734 1277 factione,
796 1217 958 1280 quae
1002 1217 1135 1260 non
1176 1203 1421 1260 tantum
1467 1195 1667 1260 fidem
1714 1196 2017 1261 divinitus
2065 1197 2343 1262 infusam
2370 1247 2389 1279 ,
2461 1197 2579 1262 sed
2630 1197 2819 1262 etiam

421 1295 781 1362 naturalem
825 1295 1161 1381 religionis
1201 1317 1462 1360 sensum
1504 1295 1794 1362 funditus
1824 1306 2119 1363 evertere
2151 1306 2416 1362 conatur
2454 1298 2621 1362 freta
2653 1321 2816 1363 00111-

425 1395 656 1462 111011113
701 1417 903 1484 prava
943 1403 1080 1460 arte
1124 1395 1214 1460 ita
1253 1395 1585 1461 adornatis
1630 1404 1704 1460 ut
1732 1397 2034 1480 animum,
2080 1419 2243 1482 quae
2275 1421 2391 1462 sua
2416 1407 2583 1479 sunt,
2630 1418 2815 1482 quae-

419 1507 674 1590 rentem
716 1496 1146 1560 vehementer
1191 1506 1659 1561 commoveant.

584 1595 718 1664 Ubi
763 1595 1207 1684 perversitatis
1250 1595 1678 1683 praeconibus
1726 1595 2003 1664 liberum
2050 1604 2180 1678 est,
2250 1597 2332 1660 ad
2378 1598 2663 1686 populos
2708 1598 2821 1663 fas-

419 1696 724 1762 cinandos
768 1703 994 1760 cuncta
1033 1717 1446 1783 componere,
1491 1717 1820 1780 nunquam
1866 1695 2181 1778 deerunt,
2220 1696 2331 1780 qui
2374 1720 2526 1760 sana
2566 1699 2811 1766 ratione

419 1798 656 1862 frustra
697 1796 1088 1861 reclamante
1134 1795 1202 1861 in
1241 1795 1705 1881 magistrorum
1749 1797 1949 1862 verba
1983 1797 2244 1881 jurent,
2312 1806 2503 1882 atque
2544 1819 2812 1865 renova-

429 1896 601 1964 bitur
667 1895 1050 1961 abominatio
1103 1895 1525 1961 desolationis
1549 1945 1569 1979 ,
1636 1917 1801 1980 quae
1856 1904 2007 1960 ante
2050 1897 2295 1981 aliquot
2332 1919 2535 1962 annos
2570 1897 2646 1962 in
2684 1898 2821 1985 ipso

420 1996 565 2060 loco
611 2004 852 2079 3311010,
893 1995 1214 2084 Principis
1259 1996 1507 2061 scilicet
1546 1995 2016 2084 Apostolorum
2064 1996 2241 2079 sede,
2284 2006 2455 2062 stare
2498 1998 2734 2085 coepit.

582 2094 702 2160 His
745 2094 832 2160 ita
875 2095 1245 2184 compositis
1289 2097 1499 2182 magis
1543 2118 1732 2181 quam
1772 2118 2058 2181 unquam
2106 2097 2550 2184 exoptandum
2593 2106 2715 2180 est,
2759 2105 2825 2160 ut

424 2194 787 2284 Imperium
829 2218 972 2262 011111
1015 2195 1374 2262 sacerdotio
1417 2195 1501 2260 ad
1525 2195 1839 2260 tuendum
1860 2195 1991 2260 Dei
2033 2196 2103 2260 in
2130 2197 2319 2262 terris
2357 2219 2639 2283 regnum
2668 2197 2820 2260 fide-

421 2296 571 2362 liter
630 2297 978 2386 conspiret.
1064 2295 1593 2380 Angustissimus
1659 2317 1815 2362 vero
1876 2296 2183 2360 Austriae
2232 2295 2596 2385 Imperator
2656 2299 2821 2362 avita

419 2396 662 2484 pietate
711 2397 941 2462 ductus
985 2395 1148 2462 nihil
1191 2393 1468 2460 sanctius
1511 2396 1754 2478 habuit,
1800 2417 1991 2480 quam
2035 2404 2108 2460 ut
2151 2396 2561 2463 concordiam
2604 2418 2820 2462 sacrae

422 2505 612 2582 atque
651 2497 854 2563 civilis
897 2496 1234 2586 potestatis
1275 2495 1346 2560 in
1401 2495 1727 2561 latissimis
1772 2494 2122 2560 ditionibus
2166 2507 2422 2585 sceptro
2466 2497 2628 2582 Ejus
2678 2499 2817 2562 sub-

410 2597 603 2678 jectis
637 2597 1084 2663 intemeratam
1123 2597 1699 2681 inconcussamque
1746 2596 2080 2661 stabiliret.
2152 2597 2487 2684 Regnator
2530 2599 2813 2664 omnium

421 2697 606 2760 Deus
646 2697 1118 2762 incrementum
1163 2697 1453 2782 benigne
1500 2696 1683 2762 dedit
1728 2696 1817 2760 eis
1844 2745 1863 2779 ,
1938 2717 2101 2780 quae
2144 2696 2227 2762 ad
2270 2698 2483 2786 Ipsius
2528 2698 2808 2762 sanctifi-

429 2794 706 2860 candum
774 2817 1016 2860 nomen
1071 2805 1370 2884 suscepta
1411 2805 1603 2876 sunt,
1677 2805 1743 2862 et
1787 2806 2174 2864 conventum
2234 2808 2336 2864 est
2392 2799 2473 2863 de
2515 2799 2814 2880 articuliS,

428 2913 588 2976 quos
633 2902 762 2958 tam
810 2917 846 2958 a
892 2892 1309 2960 Sanctissimo
1333 2894 1549 2978 Patre,
1594 2918 1787 2980 quam
1828 2921 1867 2962 a
1907 2897 2243 2983 Majestate
2282 2897 2422 2964 Sua
2464 2910 2637 2964 ratos
2681 2921 2817 2964 esse

422 2991 778 3074 habendos,
827 2993 1190 3060 addubitari
1233 2994 1346 3060 vix
1386 3002 1623 3082 potest.
1714 2996 1942 3080 Quum,
1993 3007 2208 3066 autem
2264 2999 2333 3064 in
2379 3008 2589 3067 tantae
2629 3001 2813 3064 molis

423 3091 884 3178 gravitatisque
951 3116 1148 3183 opere
1191 3095 1505 3159 nonnulla
1552 3097 1918 3184 supersint,
1981 3120 2145 3184 quae
2209 3100 2580 3164 meminisse
2607 3101 2815 3184 juvet,

422 3190 946 3276 Angustissimus
989 3194 1354 3284 Imperator
1401 3195 1623 3260 mihi
1603 3220 1673 3261 m
1716 3197 2031 3264 mandatis
2081 3198 2301 3282 dedit,
2365 3209 2470 3297 ut,
2515 3222 2679 3286 quae
2724 3221 2817 3263 se-

422 3299 724 3375 quuntur,
768 3293 1176 3360 Eminentiae
1220 3297 1499 3362 Vestrae
1536 3296 2141 3363 Reverendissimae
2188 3299 2673 3373 communicem.

586 3389 640 3456 I.
725 3391 1046 3479 Majestati
1087 3393 1262 3460 Suae
1309 3419 1418 3462 001
1425 3395 1491 3459 (11
1535 3395 1793 3460 omnino
1841 3405 1972 3479 est,
2030 3405 2105 3461 ut
2143 3398 2213 3463 in
2255 3399 2615 3464 studiorum
2661 3397 2817 3466 Uni-

426 3489 836 3558 versitatibus
885 3486 1053 3559 fides
1095 3495 1325 3560 floreat
1369 3503 1435 3560 et
1466 3495 1694 3583 pietas
1742 3495 2113 3581 Multifaria,
2161 3521 2349 3583 quam
2400 3498 2667 3564 scientia
2705 3501 2817 3564 hu-

423 3615 611 3658 mana
654 3595 862 3682 parit,
932 3593 1172 3658 utilitas
1232 3596 1621 3683 praesertim
1669 3617 1755 3660 ex
1796 3598 2055 3662 saeculo
2094 3596 2416 3664 XVIIIvo
2460 3599 2816 3664 multifariis

430 3695 757 3760 erroribus
801 3694 984 3781 quasi
1030 3693 1306 3760 nubibus
1351 3696 1630 3761 obducta
1676 3704 1806 3778 est,
1856 3718 2023 3781 quae
2061 3705 2136 3761 ut
2172 3699 2463 3764 veritatis
2506 3701 2653 3765 luce
2696 3699 2817 3763 dis-

427 3793 740 3882 sipentur,
777 3794 977 3883 ipsius
1019 3795 1340 3860 societatis
1384 3795 1703 3860 humanae
1746 3818 1936 3881 quam
1980 3797 2261 3862 maxime
2306 3799 2597 3864 interest.
2658 3799 2815 3863 Tan·

427 3903 532 3958 tae
574 3895 674 3959 rei
714 3894 784 3959 in
833 3895 1066 3959 studiis
1103 3895 1522 3980 generalibus
1556 3897 1929 3964 ordinandis
1972 3901 2470 3987 diligentissime
2510 3902 2819 3966 rationem

425 3993 667 4059 habere
686 4043 707 4079 ,
749 3994 1072 4081 Majestati
1116 3993 1290 4062 Suae
1331 3997 1742 4086 propositum
1786 4008 1903 4065 est.
1990 4001 2199 4066 Multa
2242 4012 2392 4067 sunt
2414 4051 2434 4086 ,
2480 4021 2642 4087 quae
2686 4023 2817 4064 sua-

425 4093 637 4178 deant,
675 4105 750 4160 ut
795 4115 1122 4162 sacrorum
1162 4095 1506 4162 Antistites
1550 4097 1619 4162 in
1660 4097 2207 4168 Universitatibus
2252 4097 2818 4168 Archicancellarii

425 4214 540 4257 seu
586 4190 972 4260 Cancellarii
1029 4206 1250 4284 partes
1289 4207 1529 4284 agant3
1602 4208 1917 4284 quatenus
1960 4201 2373 4268 difficultates
2418 4205 2718 4283 obstent,
2754 4198 2819 4262 in

421 4291 792 4359 facultatem
834 4303 1054 4362 tamen
1099 4297 1535 4386 theologicam
1572 4299 1830 4365 30011130
1874 4299 2279 4387 Cancellarii,
2320 4302 2443 4380 ubi
2470 4301 2676 4406 adest,
2720 4298 2812 4363 of-

347 4401 368 4414 *
423 4388 570 4454 ficio
609 4392 1014 4477 peculiarem
1057 4396 1384 4464 influxum
1427 4400 1849 4464 exercebunt.
