2959 4984
364 293 473 349 100
686 295 805 346 XV.
877 293 1182 346 EUGENH
1216 293 1307 345 lv,
1348 291 1658 344 Ll'rERAE
1695 293 1818 344 DIE
1857 294 1921 342 V.
1963 293 2163 344 FEBR..
2201 295 2262 344 A.
2302 289 2460 346 1447.

366 482 451 524 zu
501 457 859 544 Niirnberg
914 457 1051 522 und
1106 457 1375 522 Meister
1426 456 1477 523 J
1478 457 1694 522 ohann
1743 455 2066 522 Thauwer
2107 458 2470 541 Doctores,
2535 481 2768 524 unsers

368 557 745 644 gnaedigen
782 555 1005 622 Herrn
1045 580 1177 622 von
1208 557 1560 642 Bamberg,
1605 556 1873 622 Meister
1909 554 2168 622 Com-ad
2203 556 2518 641 Bladeck,
2560 559 2769 624 meins

370 657 745 744 gnaedigen
799 658 1023 724 Herrn
1079 663 1209 722 von
1250 657 1546 740 PassaW‚
1611 657 1881 731 Meister
1927 659 2234 727 Nicolaus
2283 660 2770 746 Gundelfinger

369 758 667 823 Vicarius
731 757 937 823 meins
982 757 1357 843 gnaedigen
1398 758 1622 822 Herrn
1662 781 1790 822 von
1835 757 2111 824 Costanz
2128 806 2148 839 ,
2211 761 2318 824 fiir
2359 759 2572 826 beede
2613 757 2772 824 Stift

373 857 649 924 Costanz
692 857 827 922 und
876 855 1073 940 Chur,
1118 879 1390 922 unserer
1436 855 1815 943 'gnaedigen
1841 857 2103 924 Herren
2146 860 2480 944 obgemelt
2519 882 2606 924 zu
2645 859 2770 923 sol-

372 959 539 1024 chen
592 957 1043 1044 vorgemelten
1086 955 1830 1051 SachenMachtbotten
1878 959 2092 1024 haben
2135 981 2256 1023 uns
2305 959 2523 1027 dieser
2569 961 2770 1044 obge-

374 1057 788 1124 schriebener
816 1079 1153 1143 meynung
1183 1067 1377 1142 gantz
1404 1057 1718 1139 vereinct,
1747 1058 1884 1124 und
1913 1059 2058 1122 sind
2089 1059 2282 1124 daruf
2305 1059 2769 1124 unverscheid-

369 1159 501 1224 lich
544 1159 837 1240 blieben,
884 1157 1033 1222 dem
1074 1157 1560 1243 nachzugehen,
1602 1157 1738 1222 und
1779 1159 1900 1222 wir
1945 1157 2376 1224 Churfiirsten
2419 1157 2556 1224 und
2603 1157 2766 1222 Fiir—

373 1269 515 1326 sten
552 1282 683 1324 von
722 1280 953 1324 unsers
1000 1258 1371 1343 egemelten
1394 1249 1616 1322 Herrn
1645 1257 1761 1322 des
1791 1257 2090 1345 Koenigs
2121 1259 2258 1323 und
2286 1281 2516 1324 unsers
2549 1259 2771 1343 selbnt,

370 1359 506 1424 und
549 1359 669 1424 wir
696 1355 1108 1424 Sendbotten
1152 1380 1280 1422 von
1306 1379 1578 1422 unserer
1611 1359 2027 1444 obgemelten
2056 1359 2320 1425 Herren
2349 1381 2589 1445 wegen
2616 1359 2776 1424 wol-

373 1458 483 1524 len
540 1457 677 1522 und
736 1458 947 1523 sollen
1002 1458 1129 1522 alle
1190 1457 1750 1543 obgeschriebene
1796 1460 1945 1523 sach
1986 1459 2354 1544 gaentzlich
2391 1459 2774 1526 ‚vollfiihren

375 1557 761 1645 getreulich,
802 1558 929 1622 alle
972 1556 1293 1643 gefehrde
1338 1557 1566 1622 darinn
1611 1559 1975 1644 gaentzlich
2015 1558 2551 1644 ausgescheiden.
2619 1557 2779 1624 Und

377 1657 494 1723 des
544 1680 627 1723 zu
669 1655 954 1724 Urkund
1007 1656 1222 1721 haben
1274 1656 1395 1721 wir
1438 1658 1811 1742 obgemelte
1856 1657 2136 1724 Fiirstcn
2179 1659 2315 1724 und
2359 1657 2774 1724 Sendbotten
2832 1720 2838 1724 .

381 1779 581 1823 unser
621 1756 1002 1843 Ingesiegel
1044 1756 1181 1821 und
1224 1755 1497 1822 Secrete
1541 1781 1622 1823 an
1667 1757 1880 1822 diesse
1925 1749 2174 1824 schrift
2218 1759 2614 1824 wissentlich
2657 1779 2774 1845 ge-

380 1855 617 1922 druckt
656 1879 739 1922 zu
792 1855 1077 1924 Urkund
1120 1856 1283 1922 aller
1326 1857 1928 1943 obgeschriebenen
1973 1859 2144 1922 sach.
2221 1856 2656 1924 Geschechen
2697 1883 2780 1924 zu

374 1955 809 2022 Franckfurth
870 1979 974 2022 am
1034 1957 1427 2022 Mitwochen
1493 1957 1657 2021 nach
1700 1955 1901 2023 Sanct
1939 1957 2264 2023 Francisci
2319 1967 2434 2046 tag
2489 1959 2560 2023 in
2619 1959 2772 2024 dem

364 2056 513 2144 jahr
558 2077 827 2122 anseres
866 2055 1087 2122 Herm
1127 2056 1432 2122 Tausend
1474 2057 1917 2123 Vierhundert
1957 2059 2143 2122 sechs
2185 2058 2320 2122 und
2361 2059 2658 2145 viertzig.

376 2255 529 2320 XV.
614 2254 977 2341 Eugenii
1040 2259 1161 2323 IV.
1220 2258 1552 2322 literae
1617 2258 1711 2322 de
1779 2280 1998 2321 novo
2059 2257 2431 2323 concilio
2495 2258 2599 2323 ad
2669 2259 2782 2324 in-

380 2355 761 2420 stantiam
802 2356 1427 2424 Germanorum
1472 2379 1674 2422 conv
1699 2357 2037 2422 ocandO.
2079 2381 2134 2422 a.
2173 2355 2778 2424 MOOOCXLVII.

1142 2457 1279 2522 die
1320 2458 1405 2521 V.
1448 2455 2021 2542 Februarii*).

563 2607 956 2676 Charissimo
1010 2607 1079 2670 in
1132 2604 1401 2684 ,Christo
1429 2605 1581 2669 'filio
1604 2655 1624 2688 ,
1691 2603 2043 2670 Frederico
2104 2603 2545 2671 Romanorum
2611 2607 2783 2694 Regi

377 2707 611 2772 illustri
624 2757 663 2790 ‚,
724 2729 798 2770 ac
840 2704 1192 2771 venerabili
1251 2705 1432 2768 fratri
1473 2703 1881 2770 Theoderico
1930 2704 2446 2792 Archiepiscopo
2495 2703 2778 2792 Mogun—

373 2807 508 2870 tino
528 2854 547 2887 ,
618 2815 685 2868 et
726 2805 961 2869 dilecto
1008 2804 1143 2869 filio
1206 2802 1407 2869 nobili
1469 2805 1609 2868 viro
1659 2803 2010 2868 Frederico
2072 2802 2433 2868 Marchioni
2479 2804 2778 2870 Brande-

375 2904 691 2990 burgensi
733 2905 895 2969 sacri
936 2904 1191 2992 imperii
1237 2904 1623 2969 electoribus
1671 2904 1946 2968 salutem
1986 2912 2105 2968 etc.
2156 2903 2267 2967 Ad
2299 2925 2374 2968 ea
2424 2925 2512 2966 ex
2552 2904 2778 2968 debito

376 3003 715 3092 pastoralis
769 3003 966 3068 officii
1029 3003 1309 3069 libenter
1368 3003 1802 3090 impendimus
1867 3026 2046 3068 curas
2091 3012 2374 3086 nostras„
2435 3024 2558 3089 per
2609 3026 2778 3088 quae

382 3103 753 3180 reformatio
799 3102 1179 3168 universalis
1231 3103 1540 3167 ecclesiae
1562 3151 1581 3184 ,
1643 3123 1774 3190 pax
1817 3111 1880 3166 et
1922 3103 2265 3167 concordia
2307 3102 2479 3167 inter
2531 3101 2782 3169 Christi

379 3201 610 3266 fideles
656 3203 973 3287 oriantur,
1040 3212 1105 3268 et
1162 3203 1502 3268 schismata
1557 3212 1747 3286 atque
1803 3203 2108 3266 haereses
2177 3202 2258 3267 de
2303 3224 2464 3287 agro
2510 3201 2785 3268 Domini

381 3301 668 3366 funditus
716 3304 1141 3392 extirpentur.
1226 3301 1392 3368 Cum
1432 3303 1650 3387 itaque
1692 3324 1809 3367 vos
1852 3303 2158 3367 hactenus
2204 3301 2648 3388 multiplicatis
2687 3303 2786 3368 vi-

382 3400 559 3466 cibus
600 3403 771 3491 apud
816 3426 933 3467 nos
978 3425 1099 3492 per
1139 3411 1389 3467 vestros
1440 3411 1725 3466 oratores
1765 3400 2144 3484 institeritis,
2192 3412 2264 3466 ut
2291 3424 2534 3466 novum
2579 3403 2788 3488 quod-

384 3499 534 3565 dam
573 3504 883 3588 generale
926 3503 1268 3568 concilium
1309 3503 1377 3566 in
1421 3501 1799 3566 Alamaniae
1839 3501 2130 3589 partibus
2176 3502 2244 3565 in
2289 3525 2416 3568 uno
2465 3504 2549 3568 de
2598 3505 2790 3589 quin·

384 3622 511 3685 que
559 3601 741 3684 locis,
782 3601 1090 3666 videlicet
1137 3599 1534 3682 Constantia,
1581 3599 1968 3694 Argentina,
2013 3599 2368 3686 Maguntia‚
2394 3603 2792 3686 Wormatia,

382 3700 691 3782 Treveri,
741 3709 1011 3787 propter
1052 3699 1383 3765 Ecclesiae
1427 3700 1844 3765 necessitates
1891 3722 2388 3766 convocaremus
2417 3751 2436 3784 ,
2499 3726 2618 3768 nos
2665 3709 2782 3766 ve-

384 3808 555 3862 strae
596 3800 894 3886 petitioni
933 3810 1157 3888 proter
1200 3801 1590 3891 multiplices
1632 3799 2044 3865 rationabiles
2091 3823 2329 3884 causaS,
2375 3810 2440 3865 et
2480 3803 2632 3886 quia
2658 3803 2790 3870 Re-

385 3921 546 3985 gum
587 3897 721 3962 vel‘
742 3898 1115 3989 Principum
1160 3902 1431 3966 aliorum
1478 3902 1732 3966 diversa
1777 3900 2094 3964 sententia
2137 3900 2276 3981 fuit,
2322 3901 2796 3968 rationabiliter

386 4021 672 4064 annuere
704 4001 861 4065 ‘non
920 4001 1263 4088 potuimus
1346 4003 1538 4067 Nunc
1573 4023 1731 4066 vero
1748 4052 1768 4085 ,
1829 4002 1978 4086 quia
2017 4013 2398 4088 persuasum
2435 3989 2625 4070 nobis
2674 4014 2794 4087 est,

385 4099 510 4164 hac
568 4099 673 4163 via
722 4101 1001 4166 maxime
1062 4101 1391 4194 provideri
1455 4124 1648 4192 posse
1694 4101 2024 4166 Ecclesiae
2084 4103 2332 4167 casibus
2390 4104 2792 4190 emergenti-

388 4200 546 4279 bus,
608 4207 673 4262 et
709 4197 931 4286 Reges
990 4211 1056 4266 et
1094 4201 1429 4289 Principes
1487 4203 1812 4289 praefatos
1869 4201 2061 4267 facile
2103 4201 2187 4266 ad
2230 4203 2356 4268 hoc
2397 4224 2790 4270 consensum

587 4442 639 4511 ²⁸¹)
677 4445 766 4504 Ex
798 4444 1072 4513 Raynaldi
1107 4445 1287 4498 annal.
1324 4443 1628 4500 ecclesiast,
1664 4445 1820 4502 Tom.
1856 4443 2053 4502 XVIII.
2092 4465 2146 4515 p.
2187 4446 2310 4502 329.
