2959 4984
400 306 498 355 Vi.
569 302 864 355 REGULA
905 302 1438 355 OHRODOGAROE
1473 298 1803 352 EPISOOPI
1836 296 2209 350 METENSIS.
2424 296 2494 351 41

143 470 246 533 Dei
283 470 544 535 nomine
591 466 954 548 consensit,
1016 486 1136 530 nos
1195 464 1304 549 qui
1361 463 1751 551 peculiarius
1794 463 2117 529 canonicis
2158 466 2493 533 ordinibus

141 570 418 635 inservire
463 570 778 633 debemus
797 615 820 649 ,
873 566 1523 651 quantulamcumque
1562 565 1631 629 in
1675 572 1925 652 partem
1967 564 2037 629 in
2080 565 2247 630 hanc
2278 568 2495 655 perfe-

144 670 386 735 ctionem
421 691 564 734 non
601 667 1094 733 consentiamus,
1185 664 1272 729 Et
1312 665 1367 729 si
1412 665 1625 729 omnia
1682 665 2053 749 relinquere
2094 688 2229 730 non
2268 688 2494 754 possu-

139 792 293 852 mus,
343 769 434 833 sic
476 769 562 833 ad
601 790 790 833 usum
824 774 1070 831 tantum
1109 774 1330 831 nostra
1371 774 1743 847 teneamus,
1788 774 1863 829 ut
1898 764 2164 829 dimissa
2202 767 2501 833 volumus

140 869 402 933 nolumus
451 868 698 933 fuerint
713 917 734 950 ,
799 888 933 931 non
987 866 1072 929 ad
1113 864 1431 931 hei-ethim
1488 874 1859 930 nostrorum
1907 865 2259 930 carnalium
2298 876 2490 950 atque

141 977 446 1054 parentum
470 1016 490 1050 ,
555 967 674 1031 sed
715 964 800 1031 ad
835 966 1174 1030 ecclesiam
1189 1014 1210 1047 ,
1255 965 1356 1029 cui
1399 965 1551 1031 Deo
1588 974 1849 1030 auctore
1886 965 1956 1029 in
1997 987 2335 1031 commune
2380 968 2493 1031 de-

144 1069 424 1133 servimus
448 1118 470 1151 ,
544 1067 628 1131 de
671 1067 848 1131 cuius
905 1068 1100 1131 rebus
1143 1064 1464 1153 stipendia
1516 1066 1862 1147 habemus,
1922 1065 2065 1129 loco
2102 1066 2499 1132 hereditario

139 1168 564 1253 relinquamus.
650 1165 748 1233 Ut
789 1166 842 1229 si
887 1190 1034 1230 cum
1075 1165 1204 1231 illis
1247 1166 1555 1251 perfectis
1598 1186 1719 1253 pro
1758 1164 2047 1253 perfecta
2088 1166 2491 1231 abrenuntia·

143 1268 292 1333 tione
310 1318 330 1351 ,
384 1268 754 1352 saeculique
820 1266 1012 1331 huius
1073 1274 1444 1353 contemptu
1508 1286 1743 1329 corona
1802 1286 1936 1329 non
1992 1264 2335 1329 tribuitur:
2396 1268 2507 1332 vel

145 1377 526 1455 peccatorum
567 1367 776 1449 venia,
817 1366 984 1431 sicut
1023 1365 1302 1431 minimis
1344 1364 1787 1429 misericordia
1830 1364 2045 1429 divina
2092 1364 2501 1431 concedatur.

149 1468 296 1550 Quia
331 1476 582 1531 sanctus
625 1467 912 1555 Prosper
943 1466 1025 1551 ¹),
1093 1467 1203 1531 vel
1243 1466 1354 1531 alii
1395 1465 1594 1531 sancti
1635 1473 1849 1551 patres
1864 1513 1884 1547 ,
1948 1463 2304 1529 secundum
2348 1466 2505 1531 divi-

145 1590 272 1631 nam
311 1567 756 1633 auctoritatem
798 1576 1182 1648 sanxerunt,
1224 1575 1298 1631 ut
1337 1566 1434 1629 illi
1481 1564 1701 1628 clerici
1714 1612 1733 1646 ,
1782 1563 1892 1648 qui
1938 1562 2019 1627 de
2061 1566 2254 1630 rebus
2304 1566 2505 1631 eccle-

150 1667 258 1731 siae
293 1667 513 1731 vivere
553 1667 851 1753 cupiunt,
917 1687 1024 1731 res
1063 1666 1358 1753 proprias
1399 1686 1555 1749 quas
1596 1663 1871 1746 habent,
1931 1684 2053 1751 per
2091 1663 2515 1731 instrumenta

151 1766 516 1848 chartarum,
577 1766 727 1831 Deo
777 1775 843 1829 et
887 1765 1221 1846 ecclesiae,
1263 1765 1366 1828 cui
1403 1764 1801 1847 deserviunt,
1844 1764 2249 1831 condonent:
2313 1775 2379 1830 et
2420 1766 2513 1831 sic

149 1869 320 1933 rebus
363 1864 674 1931 ecclesiae
717 1863 1016 1929 licentius
1055 1865 1295 1948 absque
1333 1864 1617 1929 maxima
1656 1864 1845 1952 culpa
1875 1874 2168 1948 utantur-3
2222 1862 2319 1932 Ut
2350 1866 2517 1931 sicut

153 1966 222 2031 de
258 1969 441 2033 rebus
489 1964 804 2031 ecclesiae
846 1963 974 2052 ipsi
1035 1963 1254 2028 clerici
1315 1962 1649 2049 gaudent3
1713 1964 1803 2028 ita
1856 1973 1925 2028 et
1964 1966 2235 2031 ecclesia
2282 1966 2365 2030 de
2406 1988 2509 2031 re·

148 2067 248 2130 bus
284 2066 567 2154 ipsorum
625 2064 1006 2129 clericorum
1067 2086 1215 2127 cum
1266 2063 1658 2152 pauperibus
1733 2064 1865 2128 suis
1932 2065 2025 2129 sic
2084 2074 2266 2130 aucta
2322 2076 2514 2153 atque

151 2165 457 2231 meliorata
493 2165 874 2251 gratuletur.
933 2162 1032 2227 Ita
1071 2170 1285 2228 tamen
1327 2172 1401 2227 ut
1445 2162 1573 2251 ipsi
1614 2162 1833 2227 clerici
1874 2164 2031 2229 dum
2073 2166 2411 2251 advivent,
2456 2168 2513 2233 si

153 2264 236 2328 ita
268 2266 612 2353 placuerit,
669 2286 778 2329 res
839 2288 983 2329 suas
1031 2264 1503 2329 usufructuario
1552 2262 1778 2328 ordine
1821 2285 1940 2352 per
1976 2266 2370 2331 beneficium
2415 2290 2516 2333 ec-

159 2364 368 2429 clesiae
406 2366 714 2431 habeant:
773 2373 846 2429 ut
885 2364 1100 2429 omnia
1148 2365 1276 2429 sint
1313 2364 1675 2429 communia
1692 2413 1712 2446 ,
1770 2372 1837 2429 et
1856 2362 1909 2447 ²)
1970 2376 2241 2452 propter
2282 2367 2527 2432 obitum

157 2486 358 2529 eorum
395 2465 480 2529 ad
525 2465 884 2553 ecclesiam,
934 2465 1044 2530 vel
1081 2464 1166 2529 ad
1210 2463 1580 2529 canonicum
1632 2462 1957 2546 ordinem,
2002 2464 2105 2527 cui
2146 2474 2293 2529 ante
2339 2464 2523 2531 datae

159 2564 418 2648 fuerant,
475 2574 906 2631 revertantur.
993 2562 1311 2631 Similiter
1345 2563 1703 2628 indicantes
1746 2572 1823 2627 ut
1854 2563 1953 2627 illi
1992 2563 2208 2628 clerici
2229 2613 2249 2647 ,
2294 2566 2402 2650 qui
2446 2566 2529 2631 de

163 2664 542 2731 facultatibus
595 2665 726 2731 suis
785 2664 1236 2729 sufficientiam
1293 2662 1537 2729 habent
1554 2713 1573 2747 ,
1636 2663 1717 2728 de
1772 2663 1933 2752 ipsis
1987 2666 2182 2729 rebus
2246 2666 2525 2754 propriis

159 2762 358 2829 vivere
403 2766 718 2848 debeant,
783 2764 838 2829 si
878 2774 1098 2829 tamen
1137 2763 1378 2829 infirmi
1423 2764 1699 2847 fuerint,
1744 2774 1817 2828 ut
1852 2764 1921 2827 in
1966 2765 2261 2830 omnibus
2300 2766 2385 2831 ad
2424 2767 2521 2831 in·

157 2870 388 2949 tegrum
427 2865 736 2930 ecclesiae
755 2864 906 2949 Dei,
950 2864 1051 2929 cui
1081 2864 1479 2946 deserviunt,
1524 2863 1681 2929 dare
1709 2864 2037 2929 noluerint
2078 2874 2147 2929 et
2186 2865 2279 2931 sie
2314 2867 2519 2955 ipsius

165 2964 446 3029 ecclesiae
490 2965 560 3034 in
601 2986 820 3031 amore
865 2964 1108 3031 Christi
1157 2964 1438 3051 gratuita
1489 2964 1797 3029 servitute
1812 3014 1833 3047 ,
1900 2964 2253 3050 sedulaque
2296 2967 2521 3032 modu-

159 3062 368 3131 latione
407 3064 822 3154 irnpendant3
893 3074 958 3129 et
1000 3066 1204 3131 sciant
1245 3087 1317 3131 se
1357 3088 1477 3154 pro
1522 3066 1644 3129 hac
1686 3088 1758 3131 re
1778 3114 1799 3147 ,
1866 3066 2015 3150 quia
2072 3068 2267 3132 rebus
2316 3068 2522 3133 eccle-

166 3162 274 3227 siae
327 3164 507 3229 sicuti
572 3165 771 3229 ceteri
831 3165 1122 3229 canonici
1177 3174 1482 3248 utuntur,
1548 3165 1898 3253 specialem
1939 3166 2448 3233 misericordiam
2486 3194 2525 3234 a

163 3259 284 3329 Deo
323 3274 742 3355 recepturOS,
804 3265 904 3329 cui
947 3265 1029 3329 de
1070 3266 1351 3354 propriis
1395 3267 1591 3332 rebus
1636 3264 2037 3331 inserviunt:
2106 3268 2291 3351 quia,
2346 3270 2401 3333 si
2450 3291 2527 3333 ea

165 3384 302 3449 quae
355 3366 682 3454 accepturi
744 3375 926 3431 erant
983 3387 1106 3454 pro
1173 3386 1398 3429 eorum
1466 3365 1798 3431 ordinibus
1847 3366 1929 3430 de
1974 3366 2391 3455 eleemosyna
2431 3370 2525 3435 di-

165 3468 492 3551 spensatori
534 3467 950 3553 reliquerint,
1009 3466 1176 3531 nihil
1218 3466 1602 3531 habentibus
1646 3466 2039 3533 conferenda
2080 3468 2220 3535 sine
2259 3480 2525 3557 peccato

166 3566 470 3649 possident
511 3590 658 3632 sua:
707 3566 856 3650 quia
899 3575 964 3629 et
1001 3565 1126 3654 ipsi
1167 3566 1643 3650 quodammodo
1688 3566 2066 3651 relinquunt
2094 3592 2229 3651 sua,
2272 3570 2526 3653 quando

164 3668 410 3754 propriis
453 3666 738 3732 contenti
776 3668 969 3731 rebus
994 3714 1014 3748 ,
1057 3665 1350 3751 nihilque
1393 3665 1477 3729 de
1518 3666 1661 3731 iure
1708 3665 1948 3731 debere
1991 3668 2377 3733 arbitrantur
2424 3692 2526 3734 re·-

164 3764 282 3852 cipi.
356 3767 552 3851 Quod
583 3766 636 3850 3)
687 3765 741 3831 si
801 3774 1028 3855 putant
1083 3766 1234 3829 ideo
1277 3766 1480 3853 accipi
1522 3765 1774 3831 debere
1834 3788 2059 3833 eorum
2103 3790 2266 3852 quae
2310 3770 2524 3835 confe-

163 3874 357 3931 runtur
397 3866 730 3947 ecclesiae,
772 3866 1178 3954 portionem:
1246 3886 1372 3929 nec
1415 3887 1557 3931 eam
1604 3866 1947 3931 videantur
1990 3867 2265 3933 abiicere
2288 3917 2308 3950 ,
2378 3870 2527 3953 quia

165 3984 271 4027 non
305 3967 554 4053 possint
611 3990 726 4031 sua
781 3966 1152 4050 relinquere
1175 4016 1196 4049 ,
1260 3966 1433 4051 quod
1481 3966 1573 4031 eis
1620 3967 1913 4032 deforme
1958 3968 2079 4050 sit,
2142 3968 2311 4032 inter
2352 3992 2524 4052 suos,

165 4082 448 4150 pauperes
487 4065 717 4131 reddi:
776 4066 1076 4130 noverint
1119 4087 1259 4131 esse
1306 4065 1659 4131 deformius
1673 4115 1701 4149 ,.
1759 4080 2174 4154 possessuros
2222 4065 2304 4129 de
2354 4067 2525 4131 elee-

167 4166 417 4257 mosynis
459 4187 818 4255 pauperum
863 4166 1058 4253 pasci.
1157 4165 1305 4231 Hoc
1352 4166 1525 4231 enim
1564 4166 2043 4255 providendum
2086 4174 2185 4231 est
2203 4214 2223 4249 ,
2278 4174 2351 4231 ut
2392 4190 2525 4233 non

337 4394 386 4462 1)
418 4398 522 4449 Seu
553 4398 739 4465 potius
760 4394 1006 4447 Iulianus
1030 4396 1330 4459 Pomm-ius,
1368 4394 1432 4445 de
1465 4397 1581 4446 vita
1604 4394 2033 4461 contemplativa,
2072 4397 2245 4462 inquit
2268 4396 2519 4448 Labbeus.

175 4474 221 4542 2)
257 4480 394 4550 Lege,
429 4486 486 4535 et
521 4483 652 4551 post
689 4480 916 4534 obitum.
1150 4480 1207 4549 3)
1249 4483 1398 4533 Haec
1438 4490 1561 4533 sum
1596 4480 1751 4532 valde
1791 4482 2071 4534 intricata.
