<?xml version="1.0" encoding="UTF-8"?>
<!DOCTYPE html PUBLIC "-//W3C//DTD XHTML 1.0 Transitional//EN"
    "http://www.w3.org/TR/xhtml1/DTD/xhtml1-transitional.dtd">
<html xmlns="http://www.w3.org/1999/xhtml" xml:lang="en" lang="en">
 <head>
  <title>
</title>
<meta http-equiv="Content-Type" content="text/html;charset=utf-8" />
  <meta name='ocr-system' content='tesseract 3.04.00' />
  <meta name='ocr-capabilities' content='ocr_page ocr_carea ocr_par ocr_line ocrx_word'/>
</head>
<body>
  <div class='ocr_page' id='page_1' title='image "./fontesiuriseccl00waltgoog_0591.png"; bbox 0 0 2959 4984; ppageno 0'>
   <div class='ocr_carea' id='block_1_1' title="bbox 701 3 1142 42">
    <p class='ocr_par' dir='ltr' id='par_1_1' title="bbox 701 3 1142 42">
     <span class='ocr_line' id='line_1_1' title="bbox 701 3 1142 42; baseline 0.002 -18"><span class='ocrx_word' id='word_1_1' title='bbox 701 3 741 18; x_wconf 52' lang='grc' dir='ltr'><strong>Ὗ*</strong></span> <span class='ocrx_word' id='word_1_2' title='bbox 767 3 1142 42; x_wconf 48' lang='lat' dir='ltr'><strong>“vv-*rw*</strong></span> 
     </span>
    </p>
   </div>
   <div class='ocr_carea' id='block_1_2' title="bbox 372 292 2492 354">
    <p class='ocr_par' dir='ltr' id='par_1_2' title="bbox 372 292 2492 354">
     <span class='ocr_line' id='line_1_2' title="bbox 372 292 2492 354; baseline 0.001 -3"><span class='ocrx_word' id='word_1_3' title='bbox 372 301 669 352; x_wconf 74' lang='lat' dir='ltr'><strong>Lxxxtx.</strong></span> <span class='ocrx_word' id='word_1_4' title='bbox 742 299 1148 352; x_wconf 77' lang='lat' dir='ltr'><strong>ENOYGLIGA</strong></span> <span class='ocrx_word' id='word_1_5' title='bbox 1190 301 1291 350; x_wconf 85' lang='lat' dir='ltr'><strong>DE</strong></span> <span class='ocrx_word' id='word_1_6' title='bbox 1329 297 1590 354; x_wconf 74' lang='lat' dir='ltr'>DIEBUS</span> <span class='ocrx_word' id='word_1_7' title='bbox 1629 295 1876 350; x_wconf 69' lang='lat' dir='ltr'>FESTIS</span> <span class='ocrx_word' id='word_1_8' title='bbox 1913 300 1978 350; x_wconf 78' lang='lat' dir='ltr'><strong>A.</strong></span> <span class='ocrx_word' id='word_1_9' title='bbox 2019 292 2174 350; x_wconf 83' lang='lat'>1845.</span> <span class='ocrx_word' id='word_1_10' title='bbox 2389 299 2492 353; x_wconf 80' lang='lat'><strong>571</strong></span> 
     </span>
    </p>
   </div>
   <div class='ocr_carea' id='block_1_3' title="bbox 70 461 2495 4252">
    <p class='ocr_par' dir='ltr' id='par_1_3' title="bbox 70 461 2495 1052">
     <span class='ocr_line' id='line_1_3' title="bbox 70 461 2495 552; baseline -0 -22"><span class='ocrx_word' id='word_1_11' title='bbox 70 465 319 532; x_wconf 86' lang='lat' dir='ltr'><strong>mundi</strong></span> <span class='ocrx_word' id='word_1_12' title='bbox 346 463 837 552; x_wconf 78' lang='lat' dir='ltr'><strong>compositione,</strong></span> <span class='ocrx_word' id='word_1_13' title='bbox 879 487 999 552; x_wconf 90' lang='lat' dir='ltr'><strong>pro</strong></span> <span class='ocrx_word' id='word_1_14' title='bbox 1046 461 1567 550; x_wconf 85' lang='lat' dir='ltr'><strong>imperatoribus,</strong></span> <span class='ocrx_word' id='word_1_15' title='bbox 1633 461 1964 547; x_wconf 88' lang='lat' dir='ltr'><strong>militibus,</strong></span> <span class='ocrx_word' id='word_1_16' title='bbox 2005 462 2218 547; x_wconf 86' lang='lat' dir='ltr'><strong>sociis,</strong></span> <span class='ocrx_word' id='word_1_17' title='bbox 2248 486 2370 552; x_wconf 85' lang='lat' dir='ltr'><strong>pro</strong></span> <span class='ocrx_word' id='word_1_18' title='bbox 2395 464 2495 548; x_wconf 87' lang='lat' dir='ltr'><strong>iis,</strong></span> 
     </span>
     <span class='ocr_line' id='line_1_4' title="bbox 74 563 2490 650; baseline -0 -20"><span class='ocrx_word' id='word_1_19' title='bbox 74 566 192 650; x_wconf 89' lang='lat' dir='ltr'><strong>qui</strong></span> <span class='ocrx_word' id='word_1_20' title='bbox 240 564 729 632; x_wconf 85' lang='lat' dir='ltr'><strong>infirmitatibus</strong></span> <span class='ocrx_word' id='word_1_21' title='bbox 772 566 1086 647; x_wconf 87' lang='lat' dir='ltr'><strong>laborant,</strong></span> <span class='ocrx_word' id='word_1_22' title='bbox 1134 563 1247 648; x_wconf 91' lang='lat' dir='ltr'><strong>qui</strong></span> <span class='ocrx_word' id='word_1_23' title='bbox 1292 563 1748 628; x_wconf 86' lang='lat' dir='ltr'><strong>afflictionibus</strong></span> <span class='ocrx_word' id='word_1_24' title='bbox 1790 572 2194 650; x_wconf 87' lang='lat' dir='ltr'><strong>premuntur,</strong></span> <span class='ocrx_word' id='word_1_25' title='bbox 2243 572 2310 629; x_wconf 91' lang='lat' dir='ltr'><strong>et</strong></span> <span class='ocrx_word' id='word_1_26' title='bbox 2351 564 2490 629; x_wconf 89' lang='lat' dir='ltr'><strong>uni-</strong></span> 
     </span>
     <span class='ocr_line' id='line_1_5' title="bbox 70 663 2490 754; baseline 0 -26"><span class='ocrx_word' id='word_1_27' title='bbox 70 667 333 732; x_wconf 83' lang='lat' dir='ltr'><strong>versim</strong></span> <span class='ocrx_word' id='word_1_28' title='bbox 375 689 498 754; x_wconf 86' lang='lat' dir='ltr'><strong>pro</strong></span> <span class='ocrx_word' id='word_1_29' title='bbox 545 665 841 730; x_wconf 89' lang='lat' dir='ltr'><strong>omnibus</strong></span> <span class='ocrx_word' id='word_1_30' title='bbox 887 665 997 749; x_wconf 87' lang='lat' dir='ltr'><strong>qui</strong></span> <span class='ocrx_word' id='word_1_31' title='bbox 1042 664 1182 752; x_wconf 90' lang='lat' dir='ltr'><strong>opis</strong></span> <span class='ocrx_word' id='word_1_32' title='bbox 1224 663 1517 750; x_wconf 84' lang='lat' dir='ltr'><strong>indiget,</strong></span> <span class='ocrx_word' id='word_1_33' title='bbox 1583 673 1650 728; x_wconf 89' lang='lat' dir='ltr'><strong>et</strong></span> <span class='ocrx_word' id='word_1_34' title='bbox 1693 685 1812 750; x_wconf 90' lang='lat' dir='ltr'><strong>pro</strong></span> <span class='ocrx_word' id='word_1_35' title='bbox 1857 663 2179 728; x_wconf 82' lang='lat' dir='ltr'><strong>defunctis</strong></span> <span class='ocrx_word' id='word_1_36' title='bbox 2227 663 2298 729; x_wconf 82' lang='lat' dir='ltr'><strong>in</strong></span> <span class='ocrx_word' id='word_1_37' title='bbox 2339 687 2490 751; x_wconf 89' lang='lat' dir='ltr'><strong>pur-</strong></span> 
     </span>
     <span class='ocr_line' id='line_1_6' title="bbox 74 763 2490 854; baseline 0 -24"><span class='ocrx_word' id='word_1_38' title='bbox 74 766 343 854; x_wconf 82' lang='lat' dir='ltr'><strong>gatorio</strong></span> <span class='ocrx_word' id='word_1_39' title='bbox 409 765 834 851; x_wconf 82' lang='lat' dir='ltr'><strong>degentibus,</strong></span> <span class='ocrx_word' id='word_1_40' title='bbox 906 764 1258 828; x_wconf 85' lang='lat' dir='ltr'><strong>maximum</strong></span> <span class='ocrx_word' id='word_1_41' title='bbox 1311 764 1437 828; x_wconf 91' lang='lat' dir='ltr'><strong>hoc</strong></span> <span class='ocrx_word' id='word_1_42' title='bbox 1482 763 1824 828; x_wconf 84' lang='lat' dir='ltr'><strong>eredentes</strong></span> <span class='ocrx_word' id='word_1_43' title='bbox 1869 764 2313 848; x_wconf 86' lang='lat' dir='ltr'><strong>adjumentum</strong></span> <span class='ocrx_word' id='word_1_44' title='bbox 2357 764 2490 830; x_wconf 88' lang='lat' dir='ltr'><strong>illis</strong></span> 
     </span>
     <span class='ocr_line' id='line_1_7' title="bbox 74 863 2488 952; baseline -0.002 -19"><span class='ocrx_word' id='word_1_45' title='bbox 74 868 425 933; x_wconf 80' lang='lat' dir='ltr'><strong>animabus</strong></span> <span class='ocrx_word' id='word_1_46' title='bbox 470 867 613 930; x_wconf 82' lang='lat' dir='ltr'><strong>fore</strong></span> <span class='ocrx_word' id='word_1_47' title='bbox 632 914 651 948; x_wconf 92' lang='lat'><strong>,</strong></span> <span class='ocrx_word' id='word_1_48' title='bbox 715 887 834 952; x_wconf 90' lang='lat' dir='ltr'><strong>pro</strong></span> <span class='ocrx_word' id='word_1_49' title='bbox 882 864 1113 949; x_wconf 89' lang='lat' dir='ltr'><strong>quibus</strong></span> <span class='ocrx_word' id='word_1_50' title='bbox 1154 864 1356 928; x_wconf 83' lang='lat' dir='ltr'><strong>oratio</strong></span> <span class='ocrx_word' id='word_1_51' title='bbox 1401 863 1730 946; x_wconf 86' lang='lat' dir='ltr'><strong>defertur,</strong></span> <span class='ocrx_word' id='word_1_52' title='bbox 1779 863 1933 928; x_wconf 89' lang='lat' dir='ltr'><strong>dum</strong></span> <span class='ocrx_word' id='word_1_53' title='bbox 1977 874 2196 928; x_wconf 85' lang='lat' dir='ltr'><strong>sancta</strong></span> <span class='ocrx_word' id='word_1_54' title='bbox 2239 873 2305 930; x_wconf 85' lang='lat' dir='ltr'><strong>et</strong></span> <span class='ocrx_word' id='word_1_55' title='bbox 2343 886 2488 952; x_wconf 87' lang='lat' dir='ltr'><strong>per-</strong></span> 
     </span>
     <span class='ocr_line' id='line_1_8' title="bbox 78 962 1536 1052; baseline -0.001 -21"><span class='ocrx_word' id='word_1_56' title='bbox 78 989 283 1052; x_wconf 87' lang='lat' dir='ltr'><strong>quam</strong></span> <span class='ocrx_word' id='word_1_57' title='bbox 330 966 673 1032; x_wconf 81' lang='lat' dir='ltr'><strong>tremenda</strong></span> <span class='ocrx_word' id='word_1_58' title='bbox 716 987 935 1029; x_wconf 88' lang='lat' dir='ltr'><strong>coram</strong></span> <span class='ocrx_word' id='word_1_59' title='bbox 969 965 1145 1050; x_wconf 85' lang='lat' dir='ltr'><strong>jacet</strong></span> <span class='ocrx_word' id='word_1_60' title='bbox 1184 962 1441 1028; x_wconf 86' lang='lat' dir='ltr'><strong>victima</strong></span> <span class='ocrx_word' id='word_1_61' title='bbox 1462 963 1536 1048; x_wconf 75' lang='lat'><strong>⁸).</strong></span> 
     </span>
    </p>

    <p class='ocr_par' dir='ltr' id='par_1_4' title="bbox 78 1062 2492 3154">
     <span class='ocr_line' id='line_1_9' title="bbox 266 1062 2486 1152; baseline -0.001 -20"><span class='ocrx_word' id='word_1_62' title='bbox 266 1065 437 1132; x_wconf 81' lang='lat' dir='ltr'><strong>Cum</strong></span> <span class='ocrx_word' id='word_1_63' title='bbox 480 1066 683 1152; x_wconf 90' lang='lat' dir='ltr'><strong>igitur</strong></span> <span class='ocrx_word' id='word_1_64' title='bbox 726 1064 891 1130; x_wconf 81' lang='lat' dir='ltr'><strong>nihil</strong></span> <span class='ocrx_word' id='word_1_65' title='bbox 930 1065 1015 1130; x_wconf 88' lang='lat' dir='ltr'><strong>sit</strong></span> <span class='ocrx_word' id='word_1_66' title='bbox 1058 1065 1296 1150; x_wconf 80' lang='lat' dir='ltr'><strong>majus,</strong></span> <span class='ocrx_word' id='word_1_67' title='bbox 1354 1063 1518 1128; x_wconf 86' lang='lat' dir='ltr'><strong>nihil</strong></span> <span class='ocrx_word' id='word_1_68' title='bbox 1551 1062 1924 1144; x_wconf 66' lang='lat' dir='ltr'><strong>salutarim,</strong></span> <span class='ocrx_word' id='word_1_69' title='bbox 1979 1062 2145 1128; x_wconf 85' lang='lat' dir='ltr'><strong>nihil</strong></span> <span class='ocrx_word' id='word_1_70' title='bbox 2185 1063 2486 1148; x_wconf 86' lang='lat' dir='ltr'><strong>sanctius,</strong></span> 
     </span>
     <span class='ocr_line' id='line_1_10' title="bbox 78 1159 2490 1250; baseline -0 -20"><span class='ocrx_word' id='word_1_71' title='bbox 78 1166 253 1230; x_wconf 89' lang='lat' dir='ltr'><strong>nihil</strong></span> <span class='ocrx_word' id='word_1_72' title='bbox 294 1165 575 1230; x_wconf 83' lang='lat' dir='ltr'><strong>divinius</strong></span> <span class='ocrx_word' id='word_1_73' title='bbox 620 1165 959 1230; x_wconf 88' lang='lat' dir='ltr'><strong>incruento</strong></span> <span class='ocrx_word' id='word_1_74' title='bbox 988 1163 1223 1228; x_wconf 79' lang='lat' dir='ltr'><strong>Missae</strong></span> <span class='ocrx_word' id='word_1_75' title='bbox 1264 1159 1602 1248; x_wconf 80' lang='lat' dir='ltr'><strong>sacrificio,</strong></span> <span class='ocrx_word' id='word_1_76' title='bbox 1647 1185 1772 1248; x_wconf 90' lang='lat' dir='ltr'><strong>quo</strong></span> <span class='ocrx_word' id='word_1_77' title='bbox 1811 1162 1986 1226; x_wconf 89' lang='lat' dir='ltr'><strong>idem</strong></span> <span class='ocrx_word' id='word_1_78' title='bbox 2015 1185 2270 1250; x_wconf 85' lang='lat' dir='ltr'><strong>corpus,</strong></span> <span class='ocrx_word' id='word_1_79' title='bbox 2312 1163 2490 1230; x_wconf 89' lang='lat' dir='ltr'><strong>idem</strong></span> 
     </span>
     <span class='ocr_line' id='line_1_11' title="bbox 82 1261 2487 1352; baseline 0 -23"><span class='ocrx_word' id='word_1_80' title='bbox 82 1265 395 1352; x_wconf 88' lang='lat' dir='ltr'><strong>sanguis,</strong></span> <span class='ocrx_word' id='word_1_81' title='bbox 458 1264 635 1330; x_wconf 89' lang='lat' dir='ltr'><strong>idem</strong></span> <span class='ocrx_word' id='word_1_82' title='bbox 698 1265 883 1329; x_wconf 91' lang='lat' dir='ltr'><strong>Deus</strong></span> <span class='ocrx_word' id='word_1_83' title='bbox 946 1273 1013 1327; x_wconf 85' lang='lat' dir='ltr'><strong>et</strong></span> <span class='ocrx_word' id='word_1_84' title='bbox 1068 1263 1389 1327; x_wconf 82' lang='lat' dir='ltr'><strong>Dominus</strong></span> <span class='ocrx_word' id='word_1_85' title='bbox 1431 1261 1676 1328; x_wconf 86' lang='lat' dir='ltr'><strong>Noster</strong></span> <span class='ocrx_word' id='word_1_86' title='bbox 1719 1261 2278 1330; x_wconf 61' lang='lat' dir='ltr'><strong>‹Iesus-Christus</strong></span> <span class='ocrx_word' id='word_1_87' title='bbox 2339 1265 2487 1330; x_wconf 90' lang='lat' dir='ltr'><strong>Deo</strong></span> 
     </span>
     <span class='ocr_line' id='line_1_12' title="bbox 78 1359 2487 1452; baseline 0.001 -24"><span class='ocrx_word' id='word_1_88' title='bbox 78 1387 207 1452; x_wconf 85' lang='lat' dir='ltr'><strong>pro</strong></span> <span class='ocrx_word' id='word_1_89' title='bbox 258 1364 546 1430; x_wconf 87' lang='lat' dir='ltr'><strong>omnium</strong></span> <span class='ocrx_word' id='word_1_90' title='bbox 593 1365 798 1428; x_wconf 88' lang='lat' dir='ltr'><strong>salute</strong></span> <span class='ocrx_word' id='word_1_91' title='bbox 842 1364 910 1428; x_wconf 91' lang='lat' dir='ltr'><strong>in</strong></span> <span class='ocrx_word' id='word_1_92' title='bbox 949 1363 1133 1429; x_wconf 89' lang='lat' dir='ltr'><strong>altari</strong></span> <span class='ocrx_word' id='word_1_93' title='bbox 1178 1385 1297 1450; x_wconf 85' lang='lat' dir='ltr'><strong>per</strong></span> <span class='ocrx_word' id='word_1_94' title='bbox 1334 1359 1730 1428; x_wconf 81' lang='lat' dir='ltr'><strong>Sacerdotes</strong></span> <span class='ocrx_word' id='word_1_95' title='bbox 1777 1363 2048 1428; x_wconf 84' lang='lat' dir='ltr'><strong>offertur</strong></span> <span class='ocrx_word' id='word_1_96' title='bbox 2092 1373 2158 1428; x_wconf 90' lang='lat' dir='ltr'><strong>et</strong></span> <span class='ocrx_word' id='word_1_97' title='bbox 2196 1363 2487 1430; x_wconf 88' lang='lat' dir='ltr'><strong>immola-</strong></span> 
     </span>
     <span class='ocr_line' id='line_1_13' title="bbox 78 1460 2490 1551; baseline 0 -23"><span class='ocrx_word' id='word_1_98' title='bbox 78 1475 215 1547; x_wconf 88' lang='lat' dir='ltr'><strong>tur,</strong></span> <span class='ocrx_word' id='word_1_99' title='bbox 265 1463 501 1528; x_wconf 79' lang='lat' dir='ltr'><strong>iccirco</strong></span> <span class='ocrx_word' id='word_1_100' title='bbox 534 1463 773 1532; x_wconf 84' lang='lat' dir='ltr'><strong>Sancta</strong></span> <span class='ocrx_word' id='word_1_101' title='bbox 813 1472 1019 1528; x_wconf 88' lang='lat' dir='ltr'><strong>mater</strong></span> <span class='ocrx_word' id='word_1_102' title='bbox 1057 1463 1351 1528; x_wconf 83' lang='lat' dir='ltr'><strong>Ecclesia</strong></span> <span class='ocrx_word' id='word_1_103' title='bbox 1394 1471 1572 1527; x_wconf 87' lang='lat' dir='ltr'><strong>tanto</strong></span> <span class='ocrx_word' id='word_1_104' title='bbox 1618 1463 1820 1528; x_wconf 83' lang='lat' dir='ltr'><strong>divini</strong></span> <span class='ocrx_word' id='word_1_105' title='bbox 1865 1464 1964 1530; x_wconf 89' lang='lat' dir='ltr'><strong>sui</strong></span> <span class='ocrx_word' id='word_1_106' title='bbox 2008 1460 2248 1551; x_wconf 84' lang='lat' dir='ltr'><strong>Sponsi</strong></span> <span class='ocrx_word' id='word_1_107' title='bbox 2293 1465 2490 1529; x_wconf 86' lang='lat' dir='ltr'><strong>ditata</strong></span> 
     </span>
     <span class='ocr_line' id='line_1_14' title="bbox 82 1562 2487 1650; baseline 0 -22"><span class='ocrx_word' id='word_1_108' title='bbox 82 1565 403 1629; x_wconf 83' lang='lat' dir='ltr'><strong>thesauro</strong></span> <span class='ocrx_word' id='word_1_109' title='bbox 428 1569 777 1648; x_wconf 69' lang='lat' dir='ltr'><strong>&#39;nunquam</strong></span> <span class='ocrx_word' id='word_1_110' title='bbox 823 1563 1069 1628; x_wconf 79' lang='lat' dir='ltr'><strong>destitit</strong></span> <span class='ocrx_word' id='word_1_111' title='bbox 1114 1584 1375 1627; x_wconf 86' lang='lat' dir='ltr'><strong>omnem</strong></span> <span class='ocrx_word' id='word_1_112' title='bbox 1424 1585 1640 1626; x_wconf 87' lang='lat' dir='ltr'><strong>curam</strong></span> <span class='ocrx_word' id='word_1_113' title='bbox 1653 1611 1674 1646; x_wconf 93' lang='lat'><strong>,</strong></span> <span class='ocrx_word' id='word_1_114' title='bbox 1721 1583 2005 1650; x_wconf 83' lang='lat' dir='ltr'><strong>operam,</strong></span> <span class='ocrx_word' id='word_1_115' title='bbox 2053 1562 2487 1650; x_wconf 82' lang='lat' dir='ltr'><strong>diligentiam-</strong></span> 
     </span>
     <span class='ocr_line' id='line_1_15' title="bbox 85 1661 2490 1750; baseline -0.001 -20"><span class='ocrx_word' id='word_1_116' title='bbox 85 1687 219 1750; x_wconf 88' lang='lat' dir='ltr'><strong>que</strong></span> <span class='ocrx_word' id='word_1_117' title='bbox 266 1665 341 1729; x_wconf 91' lang='lat' dir='ltr'><strong>in</strong></span> <span class='ocrx_word' id='word_1_118' title='bbox 384 1663 451 1728; x_wconf 92' lang='lat' dir='ltr'><strong>id</strong></span> <span class='ocrx_word' id='word_1_119' title='bbox 498 1666 833 1748; x_wconf 83' lang='lat' dir='ltr'><strong>conferre‘,</strong></span> <span class='ocrx_word' id='word_1_120' title='bbox 878 1673 951 1728; x_wconf 88' lang='lat' dir='ltr'><strong>ut</strong></span> <span class='ocrx_word' id='word_1_121' title='bbox 988 1673 1120 1726; x_wconf 85' lang='lat' dir='ltr'><strong>tam</strong></span> <span class='ocrx_word' id='word_1_122' title='bbox 1159 1661 1576 1726; x_wconf 86' lang='lat' dir='ltr'><strong>tremendum</strong></span> <span class='ocrx_word' id='word_1_123' title='bbox 1617 1662 1999 1748; x_wconf 84' lang='lat' dir='ltr'><strong>mysterium</strong></span> <span class='ocrx_word' id='word_1_124' title='bbox 2041 1687 2079 1728; x_wconf 86' lang='lat' dir='ltr'><strong>a</strong></span> <span class='ocrx_word' id='word_1_125' title='bbox 2123 1663 2490 1732; x_wconf 83' lang='lat' dir='ltr'><strong>Sacerdoti-</strong></span> 
     </span>
     <span class='ocr_line' id='line_1_16' title="bbox 85 1761 2492 1850; baseline -0.001 -19"><span class='ocrx_word' id='word_1_126' title='bbox 85 1768 256 1850; x_wconf 87' lang='lat' dir='ltr'><strong>bus,</strong></span> <span class='ocrx_word' id='word_1_127' title='bbox 328 1774 565 1849; x_wconf 86' lang='lat' dir='ltr'><strong>quanta</strong></span> <span class='ocrx_word' id='word_1_128' title='bbox 616 1763 896 1828; x_wconf 82' lang='lat' dir='ltr'><strong>maxima</strong></span> <span class='ocrx_word' id='word_1_129' title='bbox 936 1763 1079 1828; x_wconf 87' lang='lat' dir='ltr'><strong>fieri</strong></span> <span class='ocrx_word' id='word_1_130' title='bbox 1122 1771 1379 1850; x_wconf 88' lang='lat' dir='ltr'><strong>posset,</strong></span> <span class='ocrx_word' id='word_1_131' title='bbox 1440 1762 1750 1828; x_wconf 83' lang='lat' dir='ltr'><strong>interiore</strong></span> <span class='ocrx_word' id='word_1_132' title='bbox 1799 1763 2012 1828; x_wconf 87' lang='lat' dir='ltr'><strong>cordis</strong></span> <span class='ocrx_word' id='word_1_133' title='bbox 2055 1761 2372 1827; x_wconf 84' lang='lat' dir='ltr'><strong>munditia</strong></span> <span class='ocrx_word' id='word_1_134' title='bbox 2415 1785 2492 1828; x_wconf 89' lang='lat' dir='ltr'><strong>ac</strong></span> 
     </span>
     <span class='ocr_line' id='line_1_17' title="bbox 84 1863 2488 1952; baseline -0 -23"><span class='ocrx_word' id='word_1_135' title='bbox 84 1865 377 1952; x_wconf 84' lang='lat' dir='ltr'><strong>puritate</strong></span> <span class='ocrx_word' id='word_1_136' title='bbox 422 1874 873 1952; x_wconf 83' lang='lat' dir='ltr'><strong>perageretur,</strong></span> <span class='ocrx_word' id='word_1_137' title='bbox 919 1863 1267 1948; x_wconf 88' lang='lat' dir='ltr'><strong>debitoque</strong></span> <span class='ocrx_word' id='word_1_138' title='bbox 1310 1884 1636 1928; x_wconf 85' lang='lat' dir='ltr'><strong>sacrarum</strong></span> <span class='ocrx_word' id='word_1_139' title='bbox 1679 1863 2250 1947; x_wconf 87' lang='lat' dir='ltr'><strong>caeremoniarum,</strong></span> <span class='ocrx_word' id='word_1_140' title='bbox 2291 1886 2365 1928; x_wconf 87' lang='lat' dir='ltr'><strong>ae</strong></span> <span class='ocrx_word' id='word_1_141' title='bbox 2405 1863 2488 1928; x_wconf 90' lang='lat' dir='ltr'><strong>ri-</strong></span> 
     </span>
     <span class='ocr_line' id='line_1_18' title="bbox 86 1963 2490 2052; baseline -0 -23"><span class='ocrx_word' id='word_1_142' title='bbox 86 1976 279 2030; x_wconf 88' lang='lat' dir='ltr'><strong>tuum</strong></span> <span class='ocrx_word' id='word_1_143' title='bbox 323 1974 654 2052; x_wconf 87' lang='lat' dir='ltr'><strong>apparatu,</strong></span> <span class='ocrx_word' id='word_1_144' title='bbox 696 1964 1003 2048; x_wconf 88' lang='lat' dir='ltr'><strong>cultuque</strong></span> <span class='ocrx_word' id='word_1_145' title='bbox 1048 1963 1506 2047; x_wconf 86' lang='lat' dir='ltr'><strong>celebraretur,</strong></span> <span class='ocrx_word' id='word_1_146' title='bbox 1553 1972 1628 2027; x_wconf 89' lang='lat' dir='ltr'><strong>ut</strong></span> <span class='ocrx_word' id='word_1_147' title='bbox 1661 1963 1864 2051; x_wconf 88' lang='lat' dir='ltr'><strong>ipsius</strong></span> <span class='ocrx_word' id='word_1_148' title='bbox 1905 1963 2203 2050; x_wconf 83' lang='lat' dir='ltr'><strong>mysterii</strong></span> <span class='ocrx_word' id='word_1_149' title='bbox 2241 1963 2490 2050; x_wconf 89' lang='lat' dir='ltr'><strong>magni-</strong></span> 
     </span>
     <span class='ocr_line' id='line_1_19' title="bbox 85 2064 2485 2152; baseline -0.001 -21"><span class='ocrx_word' id='word_1_150' title='bbox 85 2069 247 2131; x_wconf 90' lang='lat' dir='ltr'><strong>tudo</strong></span> <span class='ocrx_word' id='word_1_151' title='bbox 300 2075 367 2132; x_wconf 89' lang='lat' dir='ltr'><strong>et</strong></span> <span class='ocrx_word' id='word_1_152' title='bbox 411 2067 709 2150; x_wconf 86' lang='lat' dir='ltr'><strong>majestas</strong></span> <span class='ocrx_word' id='word_1_153' title='bbox 754 2064 864 2129; x_wconf 83' lang='lat' dir='ltr'><strong>vel</strong></span> <span class='ocrx_word' id='word_1_154' title='bbox 908 2073 1175 2129; x_wconf 83' lang='lat' dir='ltr'><strong>externa</strong></span> <span class='ocrx_word' id='word_1_155' title='bbox 1218 2085 1473 2150; x_wconf 87' lang='lat' dir='ltr'><strong>quoque</strong></span> <span class='ocrx_word' id='word_1_156' title='bbox 1541 2064 1758 2152; x_wconf 85' lang='lat' dir='ltr'><strong>specie</strong></span> <span class='ocrx_word' id='word_1_157' title='bbox 1821 2064 2030 2152; x_wconf 88' lang='lat' dir='ltr'><strong>magis</strong></span> <span class='ocrx_word' id='word_1_158' title='bbox 2074 2065 2357 2147; x_wconf 83' lang='lat' dir='ltr'><strong>eluceat,</strong></span> <span class='ocrx_word' id='word_1_159' title='bbox 2417 2073 2485 2129; x_wconf 88' lang='lat' dir='ltr'><strong>et</strong></span> 
     </span>
     <span class='ocr_line' id='line_1_20' title="bbox 88 2163 2488 2247; baseline -0 -16"><span class='ocrx_word' id='word_1_160' title='bbox 88 2167 332 2232; x_wconf 86' lang='lat' dir='ltr'><strong>fideles</strong></span> <span class='ocrx_word' id='word_1_161' title='bbox 388 2165 471 2230; x_wconf 87' lang='lat' dir='ltr'><strong>ad</strong></span> <span class='ocrx_word' id='word_1_162' title='bbox 530 2187 753 2230; x_wconf 87' lang='lat' dir='ltr'><strong>rerum</strong></span> <span class='ocrx_word' id='word_1_163' title='bbox 813 2164 1173 2229; x_wconf 83' lang='lat' dir='ltr'><strong>divinarum</strong></span> <span class='ocrx_word' id='word_1_164' title='bbox 1192 2214 1213 2246; x_wconf 86' lang='lat'><strong>,</strong></span> <span class='ocrx_word' id='word_1_165' title='bbox 1284 2185 1446 2247; x_wconf 87' lang='lat' dir='ltr'><strong>quae</strong></span> <span class='ocrx_word' id='word_1_166' title='bbox 1488 2163 1556 2227; x_wconf 90' lang='lat' dir='ltr'><strong>in</strong></span> <span class='ocrx_word' id='word_1_167' title='bbox 1597 2171 1731 2227; x_wconf 86' lang='lat' dir='ltr'><strong>tam</strong></span> <span class='ocrx_word' id='word_1_168' title='bbox 1773 2164 2136 2231; x_wconf 82' lang='lat' dir='ltr'><strong>admirabili</strong></span> <span class='ocrx_word' id='word_1_169' title='bbox 2181 2188 2254 2230; x_wconf 85' lang='lat' dir='ltr'><strong>ac</strong></span> <span class='ocrx_word' id='word_1_170' title='bbox 2294 2187 2488 2230; x_wconf 84' lang='lat' dir='ltr'><strong>vene-</strong></span> 
     </span>
     <span class='ocr_line' id='line_1_21' title="bbox 87 2264 2486 2353; baseline -0.001 -21"><span class='ocrx_word' id='word_1_171' title='bbox 87 2267 299 2332; x_wconf 88' lang='lat' dir='ltr'><strong>rando</strong></span> <span class='ocrx_word' id='word_1_172' title='bbox 351 2264 687 2332; x_wconf 80' lang='lat' dir='ltr'><strong>Sacrificio</strong></span> <span class='ocrx_word' id='word_1_173' title='bbox 734 2265 1020 2330; x_wconf 79' lang='lat' dir='ltr'><strong>occultae</strong></span> <span class='ocrx_word' id='word_1_174' title='bbox 1066 2265 1499 2348; x_wconf 85' lang='lat' dir='ltr'><strong>continentur,</strong></span> <span class='ocrx_word' id='word_1_175' title='bbox 1545 2265 2160 2353; x_wconf 85' lang='lat' dir='ltr'><strong>contemplationem</strong></span> <span class='ocrx_word' id='word_1_176' title='bbox 2202 2265 2486 2330; x_wconf 80' lang='lat' dir='ltr'><strong>exciten-</strong></span> 
     </span>
     <span class='ocr_line' id='line_1_22' title="bbox 88 2363 2486 2454; baseline 0 -24"><span class='ocrx_word' id='word_1_177' title='bbox 88 2376 217 2430; x_wconf 89' lang='lat' dir='ltr'><strong>tur.</strong></span> <span class='ocrx_word' id='word_1_178' title='bbox 261 2365 369 2430; x_wconf 89' lang='lat' dir='ltr'><strong>Ac</strong></span> <span class='ocrx_word' id='word_1_179' title='bbox 405 2365 549 2452; x_wconf 89' lang='lat' dir='ltr'><strong>pari</strong></span> <span class='ocrx_word' id='word_1_180' title='bbox 591 2363 1031 2430; x_wconf 80' lang='lat' dir='ltr'><strong>sollicitudine</strong></span> <span class='ocrx_word' id='word_1_181' title='bbox 1078 2365 1419 2450; x_wconf 88' lang='lat' dir='ltr'><strong>studioque</strong></span> <span class='ocrx_word' id='word_1_182' title='bbox 1456 2364 1601 2453; x_wconf 86' lang='lat' dir='ltr'><strong>ipsa</strong></span> <span class='ocrx_word' id='word_1_183' title='bbox 1641 2365 2042 2454; x_wconf 88' lang='lat' dir='ltr'><strong>pientissima</strong></span> <span class='ocrx_word' id='word_1_184' title='bbox 2071 2363 2282 2429; x_wconf 85' lang='lat' dir='ltr'><strong>Mater</strong></span> <span class='ocrx_word' id='word_1_185' title='bbox 2323 2387 2486 2430; x_wconf 87' lang='lat' dir='ltr'><strong>nun-</strong></span> 
     </span>
     <span class='ocr_line' id='line_1_23' title="bbox 88 2463 2486 2551; baseline -0 -20"><span class='ocrx_word' id='word_1_186' title='bbox 88 2489 287 2551; x_wconf 86' lang='lat' dir='ltr'><strong>quam</strong></span> <span class='ocrx_word' id='word_1_187' title='bbox 328 2465 604 2531; x_wconf 85' lang='lat' dir='ltr'><strong>eessavit</strong></span> <span class='ocrx_word' id='word_1_188' title='bbox 646 2487 795 2530; x_wconf 84' lang='lat' dir='ltr'><strong>suos</strong></span> <span class='ocrx_word' id='word_1_189' title='bbox 842 2463 1075 2530; x_wconf 91' lang='lat' dir='ltr'><strong>fideles</strong></span> <span class='ocrx_word' id='word_1_190' title='bbox 1126 2463 1295 2530; x_wconf 89' lang='lat' dir='ltr'><strong>filios</strong></span> <span class='ocrx_word' id='word_1_191' title='bbox 1336 2487 1770 2546; x_wconf 82' lang='lat' dir='ltr'><strong>commonere,</strong></span> <span class='ocrx_word' id='word_1_192' title='bbox 1823 2465 2088 2549; x_wconf 85' lang='lat' dir='ltr'><strong>hortari,</strong></span> <span class='ocrx_word' id='word_1_193' title='bbox 2133 2473 2200 2530; x_wconf 87' lang='lat' dir='ltr'><strong>et</strong></span> <span class='ocrx_word' id='word_1_194' title='bbox 2237 2465 2486 2530; x_wconf 86' lang='lat' dir='ltr'><strong>inflam-</strong></span> 
     </span>
     <span class='ocr_line' id='line_1_24' title="bbox 88 2564 2488 2652; baseline 0 -22"><span class='ocrx_word' id='word_1_195' title='bbox 88 2587 313 2647; x_wconf 88' lang='lat' dir='ltr'><strong>mare,</strong></span> <span class='ocrx_word' id='word_1_196' title='bbox 356 2574 431 2628; x_wconf 89' lang='lat' dir='ltr'><strong>ut</strong></span> <span class='ocrx_word' id='word_1_197' title='bbox 473 2585 587 2646; x_wconf 88' lang='lat' dir='ltr'><strong>ea,</strong></span> <span class='ocrx_word' id='word_1_198' title='bbox 637 2585 763 2648; x_wconf 91' lang='lat' dir='ltr'><strong>qua</strong></span> <span class='ocrx_word' id='word_1_199' title='bbox 804 2573 1080 2652; x_wconf 84' lang='lat' dir='ltr'><strong>oportet,</strong></span> <span class='ocrx_word' id='word_1_200' title='bbox 1124 2564 1387 2651; x_wconf 89' lang='lat' dir='ltr'><strong>pietate,</strong></span> <span class='ocrx_word' id='word_1_201' title='bbox 1429 2565 1847 2630; x_wconf 86' lang='lat' dir='ltr'><strong>veneratione</strong></span> <span class='ocrx_word' id='word_1_202' title='bbox 1889 2588 1968 2630; x_wconf 88' lang='lat' dir='ltr'><strong>ac</strong></span> <span class='ocrx_word' id='word_1_203' title='bbox 2011 2565 2358 2632; x_wconf 80' lang='lat' dir='ltr'><strong>devotione</strong></span> <span class='ocrx_word' id='word_1_204' title='bbox 2403 2565 2488 2630; x_wconf 91' lang='lat' dir='ltr'><strong>ad</strong></span> 
     </span>
     <span class='ocr_line' id='line_1_25' title="bbox 87 2663 2484 2754; baseline 0.003 -26"><span class='ocrx_word' id='word_1_205' title='bbox 87 2665 215 2730; x_wconf 90' lang='lat' dir='ltr'><strong>hoc</strong></span> <span class='ocrx_word' id='word_1_206' title='bbox 258 2665 547 2730; x_wconf 86' lang='lat' dir='ltr'><strong>divinum</strong></span> <span class='ocrx_word' id='word_1_207' title='bbox 570 2663 973 2732; x_wconf 83' lang='lat' dir='ltr'><strong>Sacrificium</strong></span> <span class='ocrx_word' id='word_1_208' title='bbox 1013 2665 1540 2750; x_wconf 82' lang='lat' dir='ltr'><strong>frequentissime</strong></span> <span class='ocrx_word' id='word_1_209' title='bbox 1571 2664 2010 2746; x_wconf 84' lang='lat' dir='ltr'><strong>convenirent,</strong></span> <span class='ocrx_word' id='word_1_210' title='bbox 2054 2665 2484 2754; x_wconf 59' lang='lat' dir='ltr'><strong>praecipiam,</strong></span> 
     </span>
     <span class='ocr_line' id='line_1_26' title="bbox 84 2764 2480 2853; baseline 0.001 -25"><span class='ocrx_word' id='word_1_211' title='bbox 84 2773 159 2828; x_wconf 91' lang='lat' dir='ltr'><strong>ut</strong></span> <span class='ocrx_word' id='word_1_212' title='bbox 206 2765 423 2828; x_wconf 87' lang='lat' dir='ltr'><strong>eidem</strong></span> <span class='ocrx_word' id='word_1_213' title='bbox 463 2764 759 2829; x_wconf 90' lang='lat' dir='ltr'><strong>omnibus</strong></span> <span class='ocrx_word' id='word_1_214' title='bbox 810 2764 893 2829; x_wconf 91' lang='lat' dir='ltr'><strong>de</strong></span> <span class='ocrx_word' id='word_1_215' title='bbox 939 2775 1285 2852; x_wconf 83' lang='lat' dir='ltr'><strong>praecepto</strong></span> <span class='ocrx_word' id='word_1_216' title='bbox 1332 2766 1518 2830; x_wconf 85' lang='lat' dir='ltr'><strong>festis</strong></span> <span class='ocrx_word' id='word_1_217' title='bbox 1565 2765 1792 2832; x_wconf 87' lang='lat' dir='ltr'><strong>diebus</strong></span> <span class='ocrx_word' id='word_1_218' title='bbox 1835 2765 1960 2853; x_wconf 87' lang='lat' dir='ltr'><strong>ipsi</strong></span> <span class='ocrx_word' id='word_1_219' title='bbox 1991 2765 2309 2831; x_wconf 87' lang='lat' dir='ltr'><strong>interesse</strong></span> <span class='ocrx_word' id='word_1_220' title='bbox 2347 2788 2480 2830; x_wconf 90' lang='lat' dir='ltr'><strong>om-</strong></span> 
     </span>
     <span class='ocr_line' id='line_1_27' title="bbox 90 2864 2482 2954; baseline 0 -25"><span class='ocrx_word' id='word_1_221' title='bbox 90 2864 249 2929; x_wconf 85' lang='lat' dir='ltr'><strong>nino</strong></span> <span class='ocrx_word' id='word_1_222' title='bbox 310 2865 659 2947; x_wconf 86' lang='lat' dir='ltr'><strong>deberent,</strong></span> <span class='ocrx_word' id='word_1_223' title='bbox 722 2865 951 2930; x_wconf 85' lang='lat' dir='ltr'><strong>animis</strong></span> <span class='ocrx_word' id='word_1_224' title='bbox 996 2865 1079 2928; x_wconf 86' lang='lat' dir='ltr'><strong>ad</strong></span> <span class='ocrx_word' id='word_1_225' title='bbox 1116 2865 1283 2930; x_wconf 87' lang='lat' dir='ltr'><strong>illud</strong></span> <span class='ocrx_word' id='word_1_226' title='bbox 1330 2865 1662 2951; x_wconf 88' lang='lat' dir='ltr'><strong>oculisque</strong></span> <span class='ocrx_word' id='word_1_227' title='bbox 1703 2866 2194 2954; x_wconf 86' lang='lat' dir='ltr'><strong>religiosissime</strong></span> <span class='ocrx_word' id='word_1_228' title='bbox 2231 2865 2482 2950; x_wconf 84' lang='lat' dir='ltr'><strong>intenti,</strong></span> 
     </span>
     <span class='ocr_line' id='line_1_28' title="bbox 87 2964 2486 3056; baseline 0.002 -29"><span class='ocrx_word' id='word_1_229' title='bbox 87 2986 217 3048; x_wconf 86' lang='lat' dir='ltr'><strong>quo</strong></span> <span class='ocrx_word' id='word_1_230' title='bbox 260 2964 544 3030; x_wconf 85' lang='lat' dir='ltr'><strong>divinam</strong></span> <span class='ocrx_word' id='word_1_231' title='bbox 586 2965 825 3030; x_wconf 80' lang='lat' dir='ltr'><strong>exinde</strong></span> <span class='ocrx_word' id='word_1_232' title='bbox 856 2965 1385 3051; x_wconf 82' lang='lat' dir='ltr'><strong>misericordiam,</strong></span> <span class='ocrx_word' id='word_1_233' title='bbox 1432 2967 1848 3052; x_wconf 90' lang='lat' dir='ltr'><strong>omniumque</strong></span> <span class='ocrx_word' id='word_1_234' title='bbox 1883 2969 2202 3033; x_wconf 87' lang='lat' dir='ltr'><strong>bonorum</strong></span> <span class='ocrx_word' id='word_1_235' title='bbox 2233 2966 2486 3056; x_wconf 87' lang='lat' dir='ltr'><strong>copiam</strong></span> 
     </span>
     <span class='ocr_line' id='line_1_29' title="bbox 89 3064 1383 3154; baseline 0 -22"><span class='ocrx_word' id='word_1_236' title='bbox 89 3067 211 3132; x_wconf 89' lang='lat' dir='ltr'><strong>sibi</strong></span> <span class='ocrx_word' id='word_1_237' title='bbox 254 3064 634 3131; x_wconf 76' lang='lat' dir='ltr'><strong>felicissime</strong></span> <span class='ocrx_word' id='word_1_238' title='bbox 680 3087 1051 3154; x_wconf 85' lang='lat' dir='ltr'><strong>comparare</strong></span> <span class='ocrx_word' id='word_1_239' title='bbox 1094 3077 1383 3154; x_wconf 86' lang='lat' dir='ltr'><strong>possent.</strong></span> 
     </span>
    </p>

    <p class='ocr_par' dir='ltr' id='par_1_5' title="bbox 86 3165 2488 4252">
     <span class='ocr_line' id='line_1_30' title="bbox 252 3165 2486 3260; baseline 0.001 -26"><span class='ocrx_word' id='word_1_240' title='bbox 252 3165 409 3234; x_wconf 84' lang='lat' dir='ltr'><strong>Jam</strong></span> <span class='ocrx_word' id='word_1_241' title='bbox 450 3187 609 3230; x_wconf 84' lang='lat' dir='ltr'><strong>vero</strong></span> <span class='ocrx_word' id='word_1_242' title='bbox 652 3187 799 3230; x_wconf 90' lang='lat' dir='ltr'><strong>cum</strong></span> <span class='ocrx_word' id='word_1_243' title='bbox 839 3167 1048 3231; x_wconf 82' lang='lat' dir='ltr'><strong>omnis</strong></span> <span class='ocrx_word' id='word_1_244' title='bbox 1080 3166 1389 3232; x_wconf 85' lang='lat' dir='ltr'><strong>Pontifex</strong></span> <span class='ocrx_word' id='word_1_245' title='bbox 1419 3189 1506 3232; x_wconf 85' lang='lat' dir='ltr'><strong>ex</strong></span> <span class='ocrx_word' id='word_1_246' title='bbox 1535 3167 1903 3234; x_wconf 88' lang='lat' dir='ltr'><strong>hominibus</strong></span> <span class='ocrx_word' id='word_1_247' title='bbox 1937 3179 2325 3256; x_wconf 87' lang='lat' dir='ltr'><strong>assumptus,</strong></span> <span class='ocrx_word' id='word_1_248' title='bbox 2363 3193 2486 3260; x_wconf 87' lang='lat' dir='ltr'><strong>pro</strong></span> 
     </span>
     <span class='ocr_line' id='line_1_31' title="bbox 89 3265 2488 3352; baseline 0.002 -22"><span class='ocrx_word' id='word_1_249' title='bbox 89 3265 465 3330; x_wconf 87' lang='lat' dir='ltr'><strong>hominibus</strong></span> <span class='ocrx_word' id='word_1_250' title='bbox 532 3267 953 3330; x_wconf 82' lang='lat' dir='ltr'><strong>constituatur</strong></span> <span class='ocrx_word' id='word_1_251' title='bbox 1006 3267 1075 3330; x_wconf 92' lang='lat' dir='ltr'><strong>in</strong></span> <span class='ocrx_word' id='word_1_252' title='bbox 1118 3267 1233 3349; x_wconf 91' lang='lat' dir='ltr'><strong>iis,</strong></span> <span class='ocrx_word' id='word_1_253' title='bbox 1302 3289 1464 3352; x_wconf 88' lang='lat' dir='ltr'><strong>quae</strong></span> <span class='ocrx_word' id='word_1_254' title='bbox 1509 3276 1660 3333; x_wconf 89' lang='lat' dir='ltr'><strong>sunt</strong></span> <span class='ocrx_word' id='word_1_255' title='bbox 1699 3267 1782 3331; x_wconf 84' lang='lat' dir='ltr'><strong>ad</strong></span> <span class='ocrx_word' id='word_1_256' title='bbox 1821 3268 2074 3352; x_wconf 89' lang='lat' dir='ltr'><strong>Deum,</strong></span> <span class='ocrx_word' id='word_1_257' title='bbox 2142 3279 2216 3335; x_wconf 86' lang='lat' dir='ltr'><strong>ut</strong></span> <span class='ocrx_word' id='word_1_258' title='bbox 2256 3271 2488 3336; x_wconf 85' lang='lat' dir='ltr'><strong>offerat</strong></span> 
     </span>
     <span class='ocr_line' id='line_1_32' title="bbox 90 3364 2484 3457; baseline 0.003 -27"><span class='ocrx_word' id='word_1_259' title='bbox 90 3365 267 3430; x_wconf 87' lang='lat' dir='ltr'><strong>dona</strong></span> <span class='ocrx_word' id='word_1_260' title='bbox 310 3373 379 3428; x_wconf 90' lang='lat' dir='ltr'><strong>et</strong></span> <span class='ocrx_word' id='word_1_261' title='bbox 418 3364 731 3430; x_wconf 87' lang='lat' dir='ltr'><strong>sacrificia</strong></span> <span class='ocrx_word' id='word_1_262' title='bbox 776 3387 896 3452; x_wconf 87' lang='lat' dir='ltr'><strong>pro</strong></span> <span class='ocrx_word' id='word_1_263' title='bbox 944 3367 1248 3454; x_wconf 86' lang='lat' dir='ltr'><strong>peccatis,</strong></span> <span class='ocrx_word' id='word_1_264' title='bbox 1292 3376 1427 3431; x_wconf 89' lang='lat' dir='ltr'><strong>tum</strong></span> <span class='ocrx_word' id='word_1_265' title='bbox 1470 3388 1592 3455; x_wconf 89' lang='lat' dir='ltr'><strong>pro</strong></span> <span class='ocrx_word' id='word_1_266' title='bbox 1630 3367 1900 3454; x_wconf 87' lang='lat' dir='ltr'><strong>egregia</strong></span> <span class='ocrx_word' id='word_1_267' title='bbox 1925 3377 2144 3433; x_wconf 85' lang='lat' dir='ltr'><strong>vestra</strong></span> <span class='ocrx_word' id='word_1_268' title='bbox 2171 3371 2484 3457; x_wconf 86' lang='lat' dir='ltr'><strong>sapientia</strong></span> 
     </span>
     <span class='ocr_line' id='line_1_33' title="bbox 90 3465 2485 3554; baseline 0.003 -25"><span class='ocrx_word' id='word_1_269' title='bbox 90 3465 822 3554; x_wconf 77' lang='lat' dir='ltr'><strong>apprime‘cognoscitis</strong></span> <span class='ocrx_word' id='word_1_270' title='bbox 843 3515 864 3549; x_wconf 89' lang='lat'><strong>,</strong></span> <span class='ocrx_word' id='word_1_271' title='bbox 910 3467 1339 3532; x_wconf 89' lang='lat' dir='ltr'><strong>Venerabiles</strong></span> <span class='ocrx_word' id='word_1_272' title='bbox 1387 3466 1682 3553; x_wconf 84' lang='lat' dir='ltr'><strong>Fratres,</strong></span> <span class='ocrx_word' id='word_1_273' title='bbox 1725 3481 2203 3537; x_wconf 87' lang='lat' dir='ltr'><strong>sacrosanctum</strong></span> <span class='ocrx_word' id='word_1_274' title='bbox 2245 3471 2485 3538; x_wconf 86' lang='lat' dir='ltr'><strong>Missae</strong></span> 
     </span>
     <span class='ocr_line' id='line_1_34' title="bbox 88 3563 2482 3662; baseline 0.003 -32"><span class='ocrx_word' id='word_1_275' title='bbox 88 3563 479 3630; x_wconf 82' lang='lat' dir='ltr'><strong>sacrificium</strong></span> <span class='ocrx_word' id='word_1_276' title='bbox 519 3567 598 3630; x_wconf 87' lang='lat' dir='ltr'><strong>ab</strong></span> <span class='ocrx_word' id='word_1_277' title='bbox 642 3565 997 3630; x_wconf 86' lang='lat' dir='ltr'><strong>animarum</strong></span> <span class='ocrx_word' id='word_1_278' title='bbox 1032 3567 1397 3654; x_wconf 87' lang='lat' dir='ltr'><strong>pastoribus</strong></span> <span class='ocrx_word' id='word_1_279' title='bbox 1431 3589 1574 3634; x_wconf 90' lang='lat' dir='ltr'><strong>esse</strong></span> <span class='ocrx_word' id='word_1_280' title='bbox 1605 3569 2059 3658; x_wconf 82' lang='lat' dir='ltr'><strong>applicandum</strong></span> <span class='ocrx_word' id='word_1_281' title='bbox 2084 3595 2204 3660; x_wconf 91' lang='lat' dir='ltr'><strong>pro</strong></span> <span class='ocrx_word' id='word_1_282' title='bbox 2237 3573 2482 3662; x_wconf 89' lang='lat' dir='ltr'><strong>populo</strong></span> 
     </span>
     <span class='ocr_line' id='line_1_35' title="bbox 88 3666 2482 3756; baseline 0.004 -28"><span class='ocrx_word' id='word_1_283' title='bbox 88 3686 317 3730; x_wconf 86' lang='lat' dir='ltr'><strong>eorum</strong></span> <span class='ocrx_word' id='word_1_284' title='bbox 372 3685 563 3728; x_wconf 86' lang='lat' dir='ltr'><strong>curae</strong></span> <span class='ocrx_word' id='word_1_285' title='bbox 626 3666 1010 3750; x_wconf 83' lang='lat' dir='ltr'><strong>commisse,</strong></span> <span class='ocrx_word' id='word_1_286' title='bbox 1080 3676 1146 3730; x_wconf 87' lang='lat' dir='ltr'><strong>et</strong></span> <span class='ocrx_word' id='word_1_287' title='bbox 1192 3667 1566 3752; x_wconf 86' lang='lat' dir='ltr'><strong>hujusmodi</strong></span> <span class='ocrx_word' id='word_1_288' title='bbox 1609 3670 2074 3756; x_wconf 86' lang='lat' dir='ltr'><strong>obligationem</strong></span> <span class='ocrx_word' id='word_1_289' title='bbox 2115 3693 2202 3736; x_wconf 86' lang='lat' dir='ltr'><strong>ex</strong></span> <span class='ocrx_word' id='word_1_290' title='bbox 2238 3671 2482 3738; x_wconf 82' lang='lat' dir='ltr'><strong>Divino</strong></span> 
     </span>
     <span class='ocr_line' id='line_1_36' title="bbox 86 3763 2482 3858; baseline 0.003 -28"><span class='ocrx_word' id='word_1_291' title='bbox 86 3771 439 3850; x_wconf 86' lang='lat' dir='ltr'><strong>praecepto</strong></span> <span class='ocrx_word' id='word_1_292' title='bbox 484 3763 889 3832; x_wconf 83' lang='lat' dir='ltr'><strong>descendere</strong></span> <span class='ocrx_word' id='word_1_293' title='bbox 930 3766 1121 3851; x_wconf 83' lang='lat' dir='ltr'><strong>juxta</strong></span> <span class='ocrx_word' id='word_1_294' title='bbox 1158 3765 1439 3833; x_wconf 87' lang='lat' dir='ltr'><strong>Concilii</strong></span> <span class='ocrx_word' id='word_1_295' title='bbox 1480 3769 1842 3836; x_wconf 85' lang='lat' dir='ltr'><strong>Tridentini</strong></span> <span class='ocrx_word' id='word_1_296' title='bbox 1891 3769 2284 3858; x_wconf 88' lang='lat' dir='ltr'><strong>doctrinam,</strong></span> <span class='ocrx_word' id='word_1_297' title='bbox 2335 3794 2482 3836; x_wconf 89' lang='lat' dir='ltr'><strong>cum</strong></span> 
     </span>
     <span class='ocr_line' id='line_1_37' title="bbox 88 3859 2482 3960; baseline 0.004 -34"><span class='ocrx_word' id='word_1_298' title='bbox 88 3864 267 3928; x_wconf 90' lang='lat' dir='ltr'><strong>idem</strong></span> <span class='ocrx_word' id='word_1_299' title='bbox 294 3859 661 3930; x_wconf 87' lang='lat' dir='ltr'><strong>Concilium</strong></span> <span class='ocrx_word' id='word_1_300' title='bbox 696 3864 1135 3930; x_wconf 87' lang='lat' dir='ltr'><strong>disertissimis</strong></span> <span class='ocrx_word' id='word_1_301' title='bbox 1160 3867 1690 3955; x_wconf 84' lang='lat' dir='ltr'><strong>gravissimisque</strong></span> <span class='ocrx_word' id='word_1_302' title='bbox 1714 3872 1930 3938; x_wconf 84' lang='lat' dir='ltr'><strong>verbis</strong></span> <span class='ocrx_word' id='word_1_303' title='bbox 1961 3872 2230 3937; x_wconf 89' lang='lat' dir='ltr'><strong>edoceat</strong></span> <span class='ocrx_word' id='word_1_304' title='bbox 2257 3893 2482 3960; x_wconf 82' lang='lat' dir='ltr'><strong>„prae-</strong></span> 
     </span>
     <span class='ocr_line' id='line_1_38' title="bbox 90 3960 2482 4056; baseline 0.004 -29"><span class='ocrx_word' id='word_1_305' title='bbox 90 3970 282 4050; x_wconf 89' lang='lat' dir='ltr'><strong>cepto</strong></span> <span class='ocrx_word' id='word_1_306' title='bbox 342 3960 559 4027; x_wconf 87' lang='lat' dir='ltr'><strong>divino</strong></span> <span class='ocrx_word' id='word_1_307' title='bbox 618 3964 991 4030; x_wconf 87' lang='lat' dir='ltr'><strong>mandatum</strong></span> <span class='ocrx_word' id='word_1_308' title='bbox 1050 3987 1193 4030; x_wconf 91' lang='lat' dir='ltr'><strong>esse</strong></span> <span class='ocrx_word' id='word_1_309' title='bbox 1254 3969 1550 4034; x_wconf 88' lang='lat' dir='ltr'><strong>omnibus</strong></span> <span class='ocrx_word' id='word_1_310' title='bbox 1565 4019 1586 4054; x_wconf 93' lang='lat'><strong>,</strong></span> <span class='ocrx_word' id='word_1_311' title='bbox 1656 3971 1887 4056; x_wconf 87' lang='lat' dir='ltr'><strong>quibus</strong></span> <span class='ocrx_word' id='word_1_312' title='bbox 1931 3971 2286 4037; x_wconf 89' lang='lat' dir='ltr'><strong>animarum</strong></span> <span class='ocrx_word' id='word_1_313' title='bbox 2331 3995 2482 4038; x_wconf 85' lang='lat' dir='ltr'><strong>cura</strong></span> 
     </span>
     <span class='ocr_line' id='line_1_39' title="bbox 94 4063 2480 4159; baseline 0.005 -31"><span class='ocrx_word' id='word_1_314' title='bbox 94 4064 441 4128; x_wconf 84' lang='lat' dir='ltr'><strong>commissa</strong></span> <span class='ocrx_word' id='word_1_315' title='bbox 497 4073 627 4146; x_wconf 89' lang='lat' dir='ltr'><strong>est,</strong></span> <span class='ocrx_word' id='word_1_316' title='bbox 690 4087 843 4128; x_wconf 83' lang='lat' dir='ltr'><strong>oves</strong></span> <span class='ocrx_word' id='word_1_317' title='bbox 891 4087 1035 4130; x_wconf 88' lang='lat' dir='ltr'><strong>suas</strong></span> <span class='ocrx_word' id='word_1_318' title='bbox 1084 4089 1474 4153; x_wconf 85' lang='lat' dir='ltr'><strong>agnoscere,</strong></span> <span class='ocrx_word' id='word_1_319' title='bbox 1538 4063 1618 4134; x_wconf 62' lang='lat' dir='ltr'><strong>et&#39;</strong></span> <span class='ocrx_word' id='word_1_320' title='bbox 1649 4093 1768 4159; x_wconf 90' lang='lat' dir='ltr'><strong>pro</strong></span> <span class='ocrx_word' id='word_1_321' title='bbox 1811 4071 1913 4136; x_wconf 85' lang='lat' dir='ltr'><strong>his</strong></span> <span class='ocrx_word' id='word_1_322' title='bbox 1956 4073 2342 4138; x_wconf 83' lang='lat' dir='ltr'><strong>sacrificium</strong></span> <span class='ocrx_word' id='word_1_323' title='bbox 2387 4073 2480 4139; x_wconf 84' lang='lat' dir='ltr'><strong>of-</strong></span> 
     </span>
     <span class='ocr_line' id='line_1_40' title="bbox 86 4163 2480 4252; baseline 0.005 -25"><span class='ocrx_word' id='word_1_324' title='bbox 86 4164 307 4230; x_wconf 85' lang='lat' dir='ltr'><strong>ferre“</strong></span> <span class='ocrx_word' id='word_1_325' title='bbox 324 4163 401 4248; x_wconf 78' lang='lat'><strong>4).</strong></span> <span class='ocrx_word' id='word_1_326' title='bbox 445 4163 839 4234; x_wconf 83' lang='lat' dir='ltr'><strong>Notissimae</strong></span> <span class='ocrx_word' id='word_1_327' title='bbox 886 4189 1145 4252; x_wconf 87' lang='lat' dir='ltr'><strong>quoque</strong></span> <span class='ocrx_word' id='word_1_328' title='bbox 1168 4167 1377 4233; x_wconf 87' lang='lat' dir='ltr'><strong>Vobis</strong></span> <span class='ocrx_word' id='word_1_329' title='bbox 1421 4178 1572 4233; x_wconf 90' lang='lat' dir='ltr'><strong>sunt</strong></span> <span class='ocrx_word' id='word_1_330' title='bbox 1611 4171 1819 4236; x_wconf 87' lang='lat' dir='ltr'><strong>felicis</strong></span> <span class='ocrx_word' id='word_1_331' title='bbox 1861 4171 2326 4240; x_wconf 88' lang='lat' dir='ltr'><strong>recordationis</strong></span> <span class='ocrx_word' id='word_1_332' title='bbox 2351 4174 2480 4240; x_wconf 87' lang='lat' dir='ltr'><strong>Be-</strong></span> 
     </span>
    </p>
   </div>
   <div class='ocr_carea' id='block_1_4' title="bbox 98 4329 477 4340">
    <p class='ocr_par' dir='ltr' id='par_1_6' title="bbox 98 4329 477 4340">
     <span class='ocr_line' id='line_1_41' title="bbox 98 4329 477 4340; baseline 0 644"><span class='ocrx_word' id='word_1_333' title='bbox 98 4329 477 4340; x_wconf 95' lang='lat' dir='ltr'><strong> </strong></span> 
     </span>
    </p>
   </div>
   <div class='ocr_carea' id='block_1_5' title="bbox 225 4409 2236 4574">
    <p class='ocr_par' dir='ltr' id='par_1_7' title="bbox 225 4409 2236 4574">
     <span class='ocr_line' id='line_1_42' title="bbox 225 4409 2236 4487; baseline 0.003 -21"><span class='ocrx_word' id='word_1_334' title='bbox 225 4411 279 4479; x_wconf 85' lang='lat'><strong>3)</strong></span> <span class='ocrx_word' id='word_1_335' title='bbox 316 4411 370 4466; x_wconf 87' lang='lat' dir='ltr'><strong>S.</strong></span> <span class='ocrx_word' id='word_1_336' title='bbox 414 4409 576 4480; x_wconf 77' lang='lat' dir='ltr'><strong>Cyril.</strong></span> <span class='ocrx_word' id='word_1_337' title='bbox 620 4411 893 4466; x_wconf 87' lang='lat' dir='ltr'><strong>Hierosol.</strong></span> <span class='ocrx_word' id='word_1_338' title='bbox 936 4412 1217 4468; x_wconf 86' lang='lat' dir='ltr'><strong>Cateches.</strong></span> <span class='ocrx_word' id='word_1_339' title='bbox 1258 4413 1327 4470; x_wconf 79' lang='lat'><strong>23</strong></span> <span class='ocrx_word' id='word_1_340' title='bbox 1362 4413 1602 4485; x_wconf 81' lang='lat' dir='ltr'><strong>Mystag.</strong></span> <span class='ocrx_word' id='word_1_341' title='bbox 1649 4417 1682 4472; x_wconf 85' lang='lat'>5</span> <span class='ocrx_word' id='word_1_342' title='bbox 1717 4415 1788 4470; x_wconf 89' lang='lat' dir='ltr'><strong>de</strong></span> <span class='ocrx_word' id='word_1_343' title='bbox 1825 4433 1984 4472; x_wconf 81' lang='lat' dir='ltr'><strong>sacra</strong></span> <span class='ocrx_word' id='word_1_344' title='bbox 2017 4416 2236 4487; x_wconf 81' lang='lat' dir='ltr'><strong>Liturg.</strong></span> 
     </span>
     <span class='ocr_line' id='line_1_43' title="bbox 228 4498 1711 4574; baseline 0.011 -20"><span class='ocrx_word' id='word_1_345' title='bbox 228 4499 288 4570; x_wconf 80' lang='lat'><strong>4)</strong></span> <span class='ocrx_word' id='word_1_346' title='bbox 326 4498 492 4555; x_wconf 85' lang='lat' dir='ltr'><strong>Cone.</strong></span> <span class='ocrx_word' id='word_1_347' title='bbox 538 4499 690 4555; x_wconf 88' lang='lat' dir='ltr'><strong>Trid.</strong></span> <span class='ocrx_word' id='word_1_348' title='bbox 730 4499 869 4554; x_wconf 87' lang='lat' dir='ltr'><strong>Sess.</strong></span> <span class='ocrx_word' id='word_1_349' title='bbox 906 4503 993 4560; x_wconf 79' lang='lat'><strong>23.</strong></span> <span class='ocrx_word' id='word_1_350' title='bbox 1029 4520 1149 4574; x_wconf 83' lang='lat' dir='ltr'><strong>cap.</strong></span> <span class='ocrx_word' id='word_1_351' title='bbox 1188 4508 1239 4560; x_wconf 91' lang='lat'><strong>1.</strong></span> <span class='ocrx_word' id='word_1_352' title='bbox 1274 4509 1359 4564; x_wconf 87' lang='lat' dir='ltr'><strong>De</strong></span> <span class='ocrx_word' id='word_1_353' title='bbox 1397 4509 1711 4571; x_wconf 73' lang='lat' dir='ltr'><strong>Reformat.</strong></span> 
     </span>
    </p>
   </div>
  </div>
 </body>
</html>
