2959 4984
328 304 398 361 70
839 304 955 357 VH.
1031 300 1487 355 CAPITULARE
1529 301 2148 357 EOOLESIAS'BIGUM

335 474 574 543 nostris
611 471 968 540 secundum
1009 474 1232 561 legem
1273 496 1358 539 ex
1395 482 1616 539 nostro
1660 474 1961 540 mandato
1998 474 2428 541 vindicentur.
2474 464 2565 541 Et
2602 498 2739 541 non

337 576 664 643 occidatur
701 574 921 657 hom0,
965 573 1088 639 nisi
1126 575 1279 660 lege
1316 576 1600 641 iubente.

1324 725 1733 782 OMNIBUS.

503 844 782 913 LXVII.
867 846 1036 911 Item
1092 855 1157 911 et
1204 846 1374 911 furta
1419 855 1486 910 et
1523 846 1759 911 iniusta
1805 848 2109 932 conubia,
2168 870 2421 913 necnon
2466 857 2533 911 et
2573 850 2737 915 falsa

328 943 712 1027 testimonia,
762 946 926 1011 sicut
968 968 1162 1035 saepe
1207 946 1603 1031 rogavimuS,
1650 947 1991 1034 prohibete
2038 948 2410 1034 diligenter,
2457 948 2623 1013 sicut
2668 958 2735 1013 et

327 1048 442 1113 lex
483 1046 752 1113 Domini
795 1046 1116 1133 prohibet.

1323 1198 1725 1254 OMNIBUS.

499 1316 812 1383 LXVDJ.
897 1316 983 1383 Et
1022 1318 1149 1383 hoo
1193 1341 1336 1383 cum
1377 1340 1617 1405 magno
1664 1318 1875 1383 studio
1921 1328 2306 1401 ammonete,
2352 1327 2424 1382 ut
2462 1318 2579 1383 filii
2612 1320 2731 1385 ho-

333 1426 567 1483 norent
613 1427 915 1506 parentes
963 1440 1146 1502 su0s3
1194 1418 1340 1505 quia
1384 1419 1525 1507 ipse
1553 1418 1875 1483 Dominus
1924 1418 2109 1484 dicit:
2161 1415 2442 1483 Honora
2472 1432 2736 1505 patrem

331 1530 506 1582 tuum
550 1530 610 1582 et
655 1531 925 1581 matrem
969 1530 1161 1599 tuam,
1205 1532 1280 1582 ut
1319 1520 1406 1583 sis
1461 1518 1811 1605 lonqaevus
1858 1542 2052 1605 super
2096 1531 2338 1583 terram
2373 1542 2557 1606 quam
2594 1516 2733 1584 Do-

325 1618 538 1681 minus
583 1614 766 1681 Deus
812 1631 954 1681 tuus
1006 1616 1186 1683 dabit
1231 1618 1368 1682 tibi.

1181 1768 1865 1825 SACERDOTIBUS.

490 1887 733 1954 LXIX.
819 1886 916 1955 Ut
958 1889 1242 1977 episcopi
1288 1889 1642 1975 diligenter
1684 1888 2029 1954 discutiant
2066 1911 2187 1978 per
2218 1914 2364 1964 suas
2394 1891 2734 1979 parochias

327 1988 782 2077 praesbiteros,
831 2008 1055 2053 eorum
1095 1988 1318 2072 fidem,
1362 1990 1698 2077 baptisma,
1746 1999 1813 2055 et
1852 1990 2193 2056 missarum
2240 1991 2733 2075 celebrationes,

331 2097 406 2154 ut
469 2097 534 2153 et
575 2088 777 2152 fidem
818 2097 1058 2153 rectam
1104 2098 1400 2172 teneant,
1466 2100 1535 2154 et
1568 2092 1885 2178 baptisma
1930 2091 2315 2156 catholicum
2364 2093 2733 2175 observent,

329 2198 395 2255 et
435 2188 775 2253 missarum
817 2210 1087 2276 praeces
1127 2192 1295 2255 bene
1337 2190 1744 2275 intellegant,
1787 2199 1852 2255 et
1892 2200 1964 2255 ut
2000 2192 2233 2278 psahni
2273 2192 2471 2279 digne
2502 2214 2731 2257 secun-

329 2290 486 2355 dum
541 2290 892 2354 divisiones
949 2312 1256 2355 versuum
1314 2290 1765 2373 modulentur,
1824 2300 1890 2355 et
1935 2290 2321 2357 dominicam
2366 2292 2729 2357 orationem

323 2389 448 2480 ipsi
489 2390 895 2476 intellegant,
940 2399 1006 2454 et
1039 2391 1334 2457 omnibus
1368 2391 1749 2478 praedicent
1774 2390 2309 2477 intellegendam,
2350 2401 2424 2456 ut
2453 2392 2729 2478 quisque

327 2491 486 2557 sciat
546 2491 702 2576 quid
761 2498 941 2579 petat
987 2514 1023 2554 a
1065 2490 1248 2555 Deo:
1319 2499 1386 2555 et
1421 2498 1496 2554 ut
1547 2491 1786 2556 Gloria
1824 2489 2030 2555 Patri
2067 2514 2213 2556 cum
2258 2491 2429 2556 omni
2472 2492 2727 2559 honore

324 2591 498 2680 apud
558 2612 783 2657 omnes
845 2598 1169 2672 cantetur3
1235 2599 1301 2653 et
1359 2589 1501 2677 ipse
1547 2590 1848 2657 sacerdos-
1892 2614 2036 2656 cum
2079 2589 2313 2655 sanctis
2360 2588 2613 2675 angelis
2660 2601 2729 2654 et

323 2692 569 2780 populo
611 2690 742 2756 Dei
786 2690 1108 2753 communi
1151 2711 1312 2754 voce
1359 2688 1672 2770 Samma,
1721 2690 2032 2771 Sanctus,
2083 2689 2361 2755 Sanctus
2406 2689 2729 2755 decantet·

328 2783 434 2856 Etv
471 2788 858 2855 omnimodis
920 2788 1266 2854 dicendum
1326 2799 1424 2855 est
1474 2791 1853 2879 presbiteris
1910 2801 1977 2857 et
2020 2791 2393 2856 diaconibus
2434 2799 2508 2855 ut
2548 2812 2729 2855 arma

327 2912 456 2955 non
513 2897 808 2978 portent,
876 2888 992 2953 sed
1049 2890 1257 2976 magis
1319 2912 1390 2955 se
1447 2891 1779 2957 confidant
1820 2892 1889 2956 in
1934 2892 2310 2957 defensione
2353 2891 2483 2956 Dei
2529 2911 2724 2977 quam

305 3010 384 3051 m
429 3011 644 3053 armis,

603 3138 982 3206 ALIQUID
1027 3139 1525 3211 SAOERDOS‚
1574 3143 1949 3211 ALIQUID
2005 3142 2417 3197 POPULUS.

485 3256 695 3323 LXX.
781 3258 950 3323 Item
1008 3260 1250 3348 placuit
1293 3261 1480 3328 nobis
1532 3284 1901 3329 ammonere
1944 3264 2375 3329 reverentiam
2418 3271 2725 3345 vestram,

322 3369 395 3425 ut
432 3359 874 3445 unusquisque
916 3351 1204 3425 vestrum
1244 3362 1464 3427 videat
1505 3384 1626 3450 per
1670 3386 1847 3428 suam
1893 3364 2298 3452 parrochiam
2341 3373 2413 3428 ut
2449 3363 2728 3428 ecclesia

319 3459 449 3525 Dei
493 3482 679 3524 suum
720 3459 954 3525 habeat
989 3461 1326 3544 honorem,
1370 3462 1561 3527 simul
1612 3472 1676 3526 et
1714 3463 1938 3528 altaria
1976 3464 2337 3529 secundum
2361 3480 2541 3529 suam
2574 3462 2723 3551 dig-

315 3560 580 3625 nitatem
645 3568 1076 3639 venerentur,
1153 3570 1217 3623 et
1277 3584 1409 3625 non
1471 3563 1554 3626 sit
1623 3564 1851 3628 domus
1898 3563 2029 3628 Dei
2094 3573 2159 3628 et
2211 3564 2435 3629 altaria
2476 3573 2723 3629 sacrata

317 3660 545 3748 pervia
591 3659 885 3742 canibuS,
955 3668 1021 3724 et
1058 3670 1131 3724 ut
1171 3682 1324 3725 vasa
1365 3673 1609 3727 sacrata
1646 3666 1794 3730 Deo
1838 3688 1985 3729 cum
2027 3688 2261 3751 magna
2297 3663 2721 3731 veneratione

319 3759 708 3840 habeantur,
769 3767 833 3821 et
892 3767 966 3822 ut
1009 3760 1318 3825 sacrificia
1363 3763 1751 3829 sanctificata
1793 3788 1939 3829 cum
1980 3788 2217 3851 magna
2260 3763 2597 3851 diligentia
2638 3766 2724 3831 ab

323 3858 416 3923 eis
473 3858 863 3943 colligentur
932 3859 1042 3944 qui
1101 3858 1282 3945 digni
1342 3872 1523 3945 sunt,
1585 3865 1694 3928 vel
1738 3887 1881 3929 cum
1924 3865 2173 3930 honore
2217 3873 2586 3946 serventur3
2654 3874 2725 3930 et

320 3964 393 4021 ut
459 3957 769 4022 secularia
830 3958 1094 4045 negotia
1160 3960 1270 4024 vel
1331 3962 1697 4048 vaniloquia
1752 3965 1821 4028 in
1882 3965 2173 4029 ecclesiis
2233 3982 2363 4029 non
2424 3974 2721 4050 agantur,

319 4054 466 4141 quia
505 4055 734 4121 domus
766 4056 895 4123 Dei
943 4058 1171 4124 domus
1210 4060 1515 4127 orationis
1561 4063 1755 4130 debet
1796 4086 1961 4149 esse,
2002 4088 2134 4130 non
2170 4066 2479 4153 spelunca
2518 4065 2714 4131 latro·

315 4177 510 4238 num3
577 4165 641 4221 et
695 4167 768 4221 ut
821 4158 1105 4224 intentos
1146 4160 1425 4227 habeant
1469 4162 1714 4229 animos
1756 4165 1839 4230 ad
1881 4166 2100 4231 Deum
2145 4165 2399 4252 quando
2441 4166 2716 4231 veniunt

316 4255 400 4320 ad
441 4255 781 4323 missarum
823 4261 1202 4349 solempnia,
1251 4271 1316 4327 et
1353 4271 1426 4327 ut
1467 4287 1598 4330 non
1644 4275 1878 4331 exeant
1916 4276 2064 4333 ante
2096 4266 2574 4357 conpletionem
2600 4268 2715 4334 be-

312 4353 695 4423 nedictionis
741 4360 1174 4426 sacerdotalia
