2959 4984
669 288 759 338 IX.
832 286 1194 339 FRIDERICI
1228 287 1296 339 11.
1337 284 1723 337 PROMISSIO
1762 282 2025 369 A.·1213.
2476 284 2547 339 77

135 452 394 537 tholicis
441 452 922 537 successoribus
964 451 1198 515 vestris
1213 499 1232 533 ,
1279 458 1631 534 sancteque
1669 450 1996 515 Romanae
2041 450 2353 515 ecclesiae
2396 474 2543 540 spe-

135 555 270 618 tiali
313 552 509 617 matri
550 561 844 632 nostrae,
909 566 1166 615 omnem
1213 542 1681 632 obedientiam,
1745 550 2305 617 honorificentiam
2348 562 2541 638 atque

131 654 598 735 reverentiam,
639 645 904 741 semper
933 652 1162 716 humili
1196 651 1415 734 corde,
1453 675 1531 717 ac
1554 653 1789 717 devoto
1816 652 2047 739 spiritu
2068 652 2542 739 impendemuS,

133 780 334 842 quam
377 754 878 843 predecessores
917 753 1124 818 nostri
1164 774 1360 838 reges
1403 760 1468 817 et
1493 752 1914 839 imperatores
1948 752 2265 834 catholici,
2306 752 2538 817 vestris

130 855 660 925 antecessoribus
705 853 1102 941 impendisse
1143 862 1528 936 noscuntur,
1596 853 1793 917 nichil
1834 874 1921 917 ex
1963 853 2063 917 his
2105 854 2401 919 volentes
2444 854 2539 919 di-

130 954 362 1038 minui,
403 963 504 1019 set
533 954 742 1039 magis
777 954 1023 1039 augeri,
1064 963 1137 1017 ut
1161 962 1380 1019 nostra
1413 953 1675 1017 devotio
1707 952 1917 1037 magis
1950 952 2277 1017 enitescat.
2342 954 2541 1021 Illum

129 1058 338 1143 igitur
381 1057 652 1121 abusum
686 1054 980 1118 volentes
1028 1054 1309 1136 abolere,
1361 1075 1557 1138 quem
1596 1040 1921 1117 interdum
1966 1052 2227 1136 quidam
2271 1054 2543 1141 praede-

133 1180 476 1223 cessorum
519 1164 888 1219 nostrorum
931 1154 1302 1218 exercuisse
1343 1153 1784 1235 dinoscuntur,
1830 1160 1895 1215 et
1939 1151 2255 1236 dicuntur,
2298 1154 2367 1217 in
2410 1154 2540 1219 ele-

135 1257 460 1323 ctionibus
527 1254 964 1343 prelatorum,
1039 1253 1448 1324 concedimus
1506 1262 1571 1317 et
1608 1253 1965 1319 sanccimus
1986 1302 2006 1335 ,
2074 1261 2148 1319 ut
2192 1254 2545 1319 electiones

134 1358 542 1446 prelatorum
599 1354 808 1419 libere
864 1354 1050 1437 fiant,
1119 1362 1184 1419 et
1245 1353 1585 1435 canonice,
1650 1361 1964 1437 quatenus
2024 1352 2137 1417 ille
2181 1354 2545 1441 prefitiatur

137 1456 498 1523 aecclesiae
545 1454 876 1537 viduatae,
925 1476 1120 1539 quem
1175 1462 1382 1517 totum
1425 1453 1775 1540 capitulum
1818 1454 1936 1518 vel.
1972 1452 2177 1517 maior
2227 1462 2292 1518 et
2332 1455 2549 1523 sanior

133 1582 283 1647 pars
329 1556 538 1645 ipsius
589 1554 850 1619 duxerit
876 1554 1273 1639 eligendum,
1323 1552 1675 1617 dummodo
1706 1553 1905 1627 nichil
1948 1555 2159 1619 obstet
2200 1554 2257 1618 ei
2308 1554 2390 1619 de
2438 1579 2539 1619 ca-

133 1658 386 1723 nonicis
429 1656 760 1721 institutis.
829 1653 1324 1742 Appellationes
1367 1661 1585 1719 autem
1628 1654 1697 1717 in
1744 1654 2025 1738 negotiis
2072 1663 2137 1717 et
2178 1656 2384 1719 causis
2428 1678 2529 1719 ec-

138 1757 551 1839 clesiasticiS,
615 1754 700 1821 ad
745 1753 969 1820 sedem
1010 1754 1428 1841 apostolicam
1470 1754 1676 1818 libere
1721 1752 1908 1835 fiant,
1974 1776 2195 1819 earum
2237 1778 2541 1842 prosecu-

135 1859 388 1923 tionem
433 1859 574 1921 sive
617 1876 993 1942 pro-cessum
1035 1854 1253 1919 nullus
1289 1853 1613 1940 impedire
1657 1863 2005 1940 presumat.
2055 1854 2252 1920 Illum
2288 1878 2547 1941 quoque

137 1958 526 2023 dimittimus
575 1965 640 2020 et
681 1954 1036 2019 refutamus
1081 1956 1371 2036 abusum,
1416 1975 1611 2037 quem
1652 1953 1723 2017 in
1764 1954 2155 2042 occupandis
2198 1957 2385 2021 bonis
2432 1957 2542 2022 de-

137 2058 516 2124 cedentium
578 2056 976 2144 prelatorum
1033 2063 1143 2119 aut
1205 2054 1396 2119 etiam
1455 2053 1877 2123 ecclesiarum
1934 2056 2298 2121 vacantium
2338 2058 2544 2123 nostri

141 2151 624 2225 consueverunt
665 2164 1107 2221 antecessores
1148 2154 1573 2237 committere,
1617 2176 1737 2241 pro
1781 2164 1957 2220 motu
1991 2158 2291 2244 propriae
2322 2158 2549 2223 volun-

141 2261 304 2331 tatis,
413 2256 654 2325 Omnia
692 2278 850 2321 vero
898 2254 1251 2343 spiritualia
1296 2254 1480 2319 vobis
1524 2263 1591 2317 et
1629 2254 1767 2318 aliis
1816 2255 2233 2321 ecclesiarum
2258 2258 2543 2344 prelatis

141 2358 572 2443 relinquimus
615 2357 820 2421 libere
869 2354 1310 2444 disponenda,
1354 2362 1425 2420 ut
1470 2376 1632 2439 quac
1676 2364 1827 2418 sunt
1872 2353 2129 2419 Cesaris
2178 2355 2441 2440 Cesari,
2490 2367 2554 2423 et

146 2481 307 2543 quae
357 2466 510 2521 sunt
553 2457 682 2521 Dei
727 2457 876 2523 Deo
920 2465 1096 2521 recta
1141 2455 1593 2520 distributione
1632 2454 2009 2519 reddantur.
2081 2453 2299 2543 Super
2342 2457 2547 2522 eradi-

150 2558 354 2623 cando
413 2565 633 2621 autem
692 2556 1018 2621 hereticae
1061 2555 1392 2644 pravitatis
1461 2576 1720 2637 errore,
1786 2554 2099 2619 auxilium
2148 2555 2439 2622 (labimus
2486 2568 2551 2623 et

147 2681 416 2747 operam
479 2656 829 2737 efficacem.
919 2655 1376 2721 Possessiones
1438 2656 1633 2719 etiam
1692 2677 1847 2739 quas
1903 2655 2215 2729 aecclesia
2268 2657 2555 2723 Romana

145 2755 590 2846 recuperavit,
637 2757 716 2819 ab
759 2755 1270 2820 antecessoribus
1327 2754 1563 2819 nostris
1624 2776 1739 2819 seu
1784 2754 2175 2839 quibuslibet
2214 2756 2357 2821 aliis
2404 2767 2553 2823 ante

149 2857 446 2923 detentas
469 2904 491 2939 ,
557 2854 796 2919 liberas
859 2862 924 2919 et
988 2856 1234 2940 quietas
1281 2855 1401 2919 sibi
1463 2855 1843 2919 dimittimus
1864 2904 1883 2937 ,
1940 2855 2275 2942 ipsamque
2318 2858 2403 2921 ad
2443 2880 2549 2941 eas

153 2956 533 3022 obtinendas
573 2956 743 3018 bona
784 2953 915 3018 fide
958 2955 1390 3041 promittimus
1422 2953 1751 3019 adiuvare.
1802 2956 1981 3038 Quas
2012 2964 2228 3023 autem
2258 2958 2549 3023 nondum

149 3054 652 3145 recuperaverit,
695 3054 780 3118 ad
819 3054 1338 3141 recuperandum
1379 3075 1501 3141 pro
1544 3053 1787 3118 viribus
1837 3052 2073 3117 erimus
2114 3055 2546 3122 coadiutoreS.

151 3156 228 3220 Et
269 3174 722 3242 quaecumque
769 3154 850 3217 ad
897 3177 1122 3219 manus
1165 3162 1418 3219 nostras
1459 3152 1829 3235 devenient,
1871 3152 2011 3217 sine
2059 3153 2438 3221 difficultate
2486 3158 2545 3223 ei
2612 3213 2618 3221 .

153 3257 492 3321 restituere
543 3264 932 3340 satagemus,
979 3253 1090 3317 Ad
1129 3254 1244 3317 has
1290 3253 1577 3343 pertinet
1619 3261 1751 3316 tota
1796 3260 1967 3316 terra
2009 3274 2173 3336 quae
2215 3264 2313 3319 est
2352 3280 2391 3321 a
2426 3258 2547 3323 Ra-

159 3355 508 3444 dicophano
554 3375 761 3439 usque
803 3354 1233 3441 Zeperanum,
1282 3353 1564 3417 marchia
1606 3352 2032 3435 Anconitana,
2082 3353 2346 3420 ducatus
2376 3342 2545 3445 Spo-

157 3455 397 3520 letanus
417 3504 438 3538 ,
484 3464 658 3519 terra
705 3453 1068 3519 comitissae
1110 3453 1464 3535 Mahtildis,
1514 3452 1851 3517 comitatus
1896 3452 2275 3519 Brittenorii
2293 3504 2312 3538 ,
2360 3478 2547 3521 exar-

167 3566 326 3619 catus
355 3555 728 3636 Ravennae,
751 3552 1148 3641 PentapoliS,
1189 3576 1333 3617 cum
1365 3552 1505 3617 aliis
1538 3552 1975 3617 adiacentibus
2007 3554 2195 3619 terris
2228 3558 2553 3643 expressis

165 3654 226 3718 in
261 3654 475 3719 multis
519 3654 880 3741 privilegiis
925 3654 1389 3742 imperatorum
1439 3662 1506 3719 et
1546 3676 1815 3739 regum,
1870 3678 1908 3719 a
1980 3663 2273 3743 tempore
2332 3655 2549 3720 Ludo-

171 3756 334 3839 wici,
396 3763 474 3819 ut
519 3776 626 3818 eas
669 3754 904 3818 habeat
945 3755 1234 3820 Romana
1275 3754 1589 3818 aecclesia
1636 3754 1703 3817 in
1752 3763 2139 3843 perpetuum
2186 3777 2331 3819 cum
2374 3757 2549 3821 omni

173 3854 619 3937 iurisdictione,
666 3854 978 3937 districtu,
1025 3863 1090 3918 et
1129 3856 1380 3919 honore
1435 3877 1573 3919 suc.
1652 3854 2101 3919 Veruntamen
2144 3878 2287 3919 cum
2332 3856 2413 3921 ad
2451 3880 2553 3922 re-

179 3954 522 4041 cipiendam
563 3978 867 4020 coronam
924 3955 1180 4043 imperii
1239 3956 1347 4019 vel
1385 3978 1505 4043 pro
1550 3955 2039 4020 necessitatibus
2078 3957 2428 4021 aecclesiae
2473 3961 2552 4024 ab

178 4057 502 4140 apostolica
546 4056 703 4120 sede
744 4056 954 4119 vocati
998 4055 1408 4137 venerimuS,
1457 4056 1540 4120 de
1588 4054 1886 4119 mandato
1934 4055 2164 4119 summi
2206 4056 2550 4142 pontificis,

179 4157 536 4243 recipiemus
583 4155 1070 4245 procurationes
1115 4156 1254 4220 sive
1295 4154 1557 4220 fodrum
1603 4158 1681 4221 ab
1720 4156 1871 4219 illis.
1958 4154 2315 4221 Adiutores
2359 4158 2549 4223 etiam

185 4255 394 4320 erimus
454 4256 538 4321 ad
598 4255 1039 4321 rettinendum
1108 4264 1173 4319 et
1233 4255 1744 4322 deffendendum
1804 4256 2133 4321 Romanae
2200 4258 2553 4323 aecclesiae

185 4375 431 4440 regnum
473 4354 760 4443 Syciliae
806 4380 882 4421 ac
927 4366 1141 4421 cetera
1187 4356 1329 4422 iura
1375 4379 1541 4442 quae
1588 4356 1673 4421 ad
1712 4356 1919 4443 ipsam
1959 4354 2287 4443 pertinere
2334 4359 2548 4423 dinos-

189 4466 406 4539 cuntur,
445 4467 771 4545 tamquam
816 4457 1089 4523 devotus
1131 4457 1324 4541 filius,
1373 4466 1440 4531 et
1470 4458 1817 4523 catholicus
1846 4458 2186 4545 princeps·¹
2212 4456 2309 4525 Ut
2336 4467 2553 4524 autem
