2959 4984
384 242 648 294 Lxxvn.
719 238 966 292 BULLA
1005 241 1146 294 PRO
1183 241 1432 294 REGNO
1473 238 1965 294 Moscovl'rlco
2006 240 2069 288 A·
2108 235 2263 290 1848.
2440 237 2545 295 473

133 427 298 486 mus,
361 423 731 492 separamus
776 425 1002 470 omnes
1041 402 1348 489 regiones
1411 409 1480 466 et
1535 403 1680 468 loca
1732 403 1901 468 intra
1940 402 2230 472 Russiaci
2269 403 2539 493 Imperii

137 505 342 586 fineS,
385 526 520 568 non
572 514 788 571 autem
829 512 1016 570 extra
1065 502 1212 568 illos
1259 503 1603 570 existentia
1646 513 1788 568 tum
1826 502 2210 570 Provinciae
2255 503 2539 592 Georgi-

135 607 310 672 ensis
327 655 348 689 ,
420 615 560 670 tum
604 603 984 669 Provinciae
1025 602 1543 670 Bessarabiensis
1563 655 1582 688 ,
1622 602 1909 689 itemque
1959 604 2175 670 omnia
2218 604 2543 674 territoria

144 705 636 773 Guberniomm
699 703 1170 771 Chersonensis
1200 753 1221 787 ,
1286 703 1987 771 Ekaterinoslaviensis
2015 756 2035 789 ,
2101 703 2540 790 TauridensiS,

137 803 648 887 Saratoviensis,
695 804 1209 887 AstracanensiS,
1253 828 1328 868 ac
1369 803 1737 890 regionum,
1784 825 1949 888 quae
1989 826 2117 869 una
2162 827 2307 870 cum
2347 827 2532 892 prae-

143 904 316 970 dicta
365 903 761 991 Georgiensi
801 904 1146 969 Provincia.
1203 904 1270 968 in
1323 903 1619 990 generali
1678 901 1949 970 Caucasi
1993 902 2329 970 Gubernio
2373 905 2537 972 Rus-

137 1005 332 1074 siaco.
359 1004 802 1087 continentur,
861 1026 1008 1068 cum
1047 1004 1126 1068 iis
1169 1004 1519 1086 limitibus,
1568 1003 1797 1088 quibus
1840 1003 1911 1068 in
1948 1004 2320 1091 praesentia
2364 1028 2535 1070 com-

133 1113 530 1176 memoratae
587 1104 893 1190 regiones
955 1113 1018 1170 et
1089 1105 1234 1171 loca
1293 1103 1931 1192 comprehenduntur
1956 1153 1977 1188 ,
2068 1112 2261 1190 atque
2324 1105 2537 1171 omnia

133 1203 280 1291 ipsa
340 1204 483 1269 loca
538 1213 605 1268 et
655 1204 962 1290 regiones
1010 1203 1223 1269 eidem
1269 1205 1709 1270 Chersonensi
1768 1203 2188 1292 Episcopatui
2250 1205 2537 1272 attribui-

135 1326 280 1368 mus
303 1351 324 1384 ,
381 1302 786 1388 subjicimus„
847 1305 937 1370 ita
979 1313 1050 1369 ut
1092 1304 1266 1369 illius
1319 1304 1389 1368 in
1442 1312 1738 1392 tempore
1782 1303 2145 1392 Episcopus
2188 1305 2257 1370 in
2302 1306 2534 1370 eadem

130 1403 278 1468 loca
319 1425 582 1469 omnem
622 1402 1057 1493 episcopalem
1099 1403 1615 1470 iurisdictionem
1640 1456 1657 1487 ‚
1702 1412 1769 1467 et
1806 1403 2145 1490 pastoralis
2198 1405 2537 1471 ministerii

131 1524 406 1572 munera
467 1503 673 1572 libere
731 1527 806 1568 ac
863 1504 1038 1570 licite
1093 1513 1432 1586 exerceat,
1504 1525 1860 1588 omnesque
1908 1505 2281 1570 earumdem
2323 1504 2539 1590 regio-

132 1627 314 1685 num,
361 1612 428 1668 et
465 1596 759 1670 locorum
801 1604 1053 1670 incolae
1099 1604 1315 1669 eidem
1357 1603 1796 1670 Chersonensi
1836 1602 2131 1668 Antistiti
2169 1604 2239 1669 in
2274 1603 2351 1668 iis
2398 1626 2531 1669 om-

129 1702 325 1770 nibus
349 1703 656 1788 quae-ad
697 1703 1088 1790 religionem
1147 1704 1478 1792 pertinent
1532 1723 1763 1790 parere
1824 1703 2118 1771 debeant.
2212 1703 2380 1771 Cum
2424 1727 2533 1770 au-

129 1813 266 1876 tem
331 1805 400 1870 in
455 1807 822 1893 praesentia
880 1807 1287 1874 brevioribus
1343 1806 1655 1873 limitibus
1714 1829 1919 1872 novus
1960 1804 2067 1870 hic
2110 1805 2537 1894 Episcopatus

137 1905 578 1972 circumscribi
619 1906 880 1972 minime
923 1908 1227 1994 potuerit,
1273 1907 1382 1994 qui
1417 1907 1796 1992 ceteroquin
1824 1930 1945 1996 per
1970 1904 2361 1972 vastissimas
2390 1903 2537 1970 illas

128 2005 445 2090 regiones
501 2007 702 2092 longe
769 2007 1028 2093 lateque
1091 2008 1497 2091 extenditur,
1562 2016 1635 2072 ut
1673 2007 1929 2074 meliori
1972 2029 2099 2092 quo
2140 2005 2283 2072 fieri
2321 2014 2537 2095 potest

131 2104 334 2170 modo
397 2105 834 2194 spiritualibus
877 2109 1290 2176 consulamus
1333 2106 1714 2195 indigentiis
1760 2130 1984 2174 eorum
2026 2107 2356 2188 fidelium,
2424 2106 2533 2190 qui

129 2206 213 2271 ab
235 2205 610 2294 Episcopali
653 2204 832 2273 Sede
875 2207 1252 2294 longissime
1293 2209 1549 2292 distant,
1595 2218 1785 2293 atque
1814 2208 1937 2296 ipsi
1966 2207 2291 2295 Episcopo
2326 2203 2529 2271 Cher-

132 2304 400 2370 sonensi
455 2305 526 2372 in
567 2307 962 2395 amplissima
1002 2308 1310 2374 Dioecesi
1369 2308 1665 2395 regenda
1718 2331 1797 2374 ac
1850 2304 2249 2374 moderanda
2294 2327 2528 2392 oppor-

128 2414 362 2472 tunum
407 2405 722 2472 auxilium
764 2411 1210 2495 praebeamus,
1254 2408 1415 2473 duos
1445 2409 1703 2474 interea
1732 2406 2041 2497 temporis
2070 2403 2529 2490 Suffraganea-

127 2515 233 2570 tus
281 2505 576 2590 ejusdem
607 2503 1077 2574 Chersonensis
1111 2505 1539 2595 Episcopatus
1568 2507 1997 2574 instituendos
2025 2525 2173 2573 esse
2204 2503 2529 2570 duximus.

135 2604 461 2687 Quocirca
499 2605 730 2672 eadem
768 2605 1146 2672 auctoritate
1183 2605 1422 2672 Nostra
1461 2605 1843 2694 Apostolica
1882 2605 2043 2672 duos
2064 2602 2529 2692 Suffraganea-

133 2712 234 2768 tus
275 2704 349 2768 in
390 2727 561 2775 novo
603 2704 1000 2794 Episcopatu
1046 2703 1486 2771 Chersonensi
1529 2706 1709 2771 hisce
1753 2705 1982 2772 litteris
2028 2704 2359 2792 erigimus,
2403 2711 2527 2770 sta·

107 2803 374 2874 <mimus
387 2852 408 2886 ,
469 2813 664 2890 atque
731 2805 1138 2872 decernimus
1151 2857 1171 2890 ,
1239 2826 1515 2892 quorum
1569 2829 1733 2871 unus
1786 2805 1856 2870 in
1898 2805 2153 2872 civitate
2192 2802 2529 2870 Saratovia

127 2903 429 2974 residere
487 2904 758 2989 debeat,
820 2906 987 2973 >alter
1048 2927 1208 2970 vero
1272 2906 1518 2970 nullam
1572 2906 1869 2973 stabilem
1921 2929 1996 2970 ac
2038 2904 2527 2972 determinatam

125 3002 552 3068 residentiam
609 3005 855 3078 habens
901 3003 1374 3072 Chersonensis
1423 3004 1730 3094 Episcopi
1792 3006 1979 3071 lateri
2018 3005 2375 3070 adhaerere
2416 3003 2527 3073 de-

129 3103 346 3184 bebit;
389 3103 482 3171 ita
522 3112 736 3171 tamen
777 3113 850 3168 ut
874 3103 1235 3192 Episcopus
1278 3105 1418 3192 ipse
1457 3127 1575 3192 pro
1610 3127 1725 3170 suo
1758 3105 2020 3172 arbitrio
2054 3104 2347 3190 ejusdem
2376 3101 2526 3170 Suf-

126 3203 424 3290 flaganei
469 3225 667 3292 opera
707 3204 778 3270 in
815 3205 1117 3292 propriae
1143 3205 1542 3273 Dioeceseos
1579 3205 2029 3294 procuratione
2071 3204 2201 3288 uti,
2248 3223 2523 3288 eumque

132 3313 272 3368 tum
318 3302 406 3369 ad
449 3301 929 3389 Georgiensem
969 3301 1412 3386 Provinciam,
1471 3313 1607 3368 tum
1650 3303 1730 3368 ad
1774 3303 1899 3368 alia
1944 3324 2201 3389 quoque
2246 3301 2527 3368 Cherso-

125 3403 352 3468 nensis
401 3402 826 3492 Episcopatus
887 3405 1032 3470 loca
1089 3404 1296 3470 libere
1357 3404 1613 3470 mittere
1677 3403 1923 3493 possit,
1982 3403 2530 3490 quemadmodum

128 3503 365 3589 majori
411 3504 512 3568 sui
550 3504 774 3590 gregis
824 3505 996 3570 bono
1043 3513 1108 3568 et
1147 3503 1406 3570 utilitati
1449 3503 1517 3568 in
1565 3502 1850 3569 Domino
1898 3502 2263 3568 conducere
2311 3498 2529 3564 existi-

125 3602 425 3668 maverit.
469 3603 556 3670 Et
601 3603 902 3690 quoniam
943 3603 1012 3684 in
1055 3612 1229 3668 tanta
1279 3603 1751 3670 Chersonensis
1790 3603 1985 3670 urbisv
2012 3599 2311 3666 distantia
2345 3596 2523 3662 haud

124 3703 318 3768 facile
357 3703 566 3789 possit
605 3703 952 3790 cognosci,
997 3704 1176 3788 quod
1219 3704 1569 3794 Templum
1614 3703 1829 3770 divino
1876 3701 2074 3768 cultui
2115 3699 2204 3766 ibi
2247 3697 2526 3764 dicatum

128 3799 540 3869 Cathedralis
591 3802 848 3888 juribus
909 3827 982 3868 ac
1028 3803 1344 3889 dignitate
1396 3827 1555 3892 prae
1606 3804 1835 3870 ceteris
1878 3800 2167 3868 decorari
2212 3805 2528 3886 oporteat,

126 3902 366 3968 iccirco
425 3901 656 3980 harum
697 3901 1090 3970 Litterarum
1134 3903 1575 3990 Exsequutori
1618 3927 1813 3990 quem
1856 3885 2123 3970 inferius
2166 3898 2521 3967 nominabi-

127 4023 296 4084 mus,
339 4010 726 4090 potestatem
773 4003 1060 4086 facimus,
1100 4012 1174 4068 ut
1217 4005 1595 4068 auctoritate
1652 4004 1894 4070 Nostra
1940 4000 2321 4090 Apostolica
2362 3998 2529 4064 illud

128 4100 538 4188 Templum
518 4125 588 4165 m
629 4099 1152 4171 Cher-senensem
1201 4103 1661 4171 Cathedralem
1706 4105 1933 4191 erigat,
1990 4100 2163 4186 quod
2208 4101 2349 4188 ipse
2392 4122 2525 4166 ma-

128 4199 234 4287 gis
273 4199 588 4272 idoneum
627 4201 968 4288 magisque
1013 4213 1308 4270 ornatum
1355 4205 1735 4290 cognoverit
1754 4253 1774 4286 ,
1836 4227 1911 4267 ac
1967 4202 2159 4268 simul
2217 4200 2521 4282 declaret,

128 4299 476 4388 Templum
515 4299 730 4387 ipsum
779 4302 1074 4368 omnibus
1119 4326 1193 4374 ac
1230 4303 1507 4392 singulis
1547 4303 1900 4369 honoribus
1918 4353 1938 4386 ,
1990 4302 2245 4388 juribus
2264 4349 2283 4384 ,
2326 4299 2523 4386 privi-

126 4400 356 4488 legiis,
399 4399 670 4466 indultis
710 4402 960 4487 perfrui
1003 4402 1276 4487 debere,
1338 4404 1573 4488 quibus
1620 4403 1783 4468 aliae
1826 4400 2250 4468 Gathedrales
2295 4400 2521 4467 Eccle-
