2959 4984
871 303 1016 354 xtx.
1089 302 1577 355 CONCORDATA
1617 304 1681 354 Α.
1719 300 1877 355 1448.
2181 360 2189 366 ,
2462 299 2565 354 111

169 462 405 529 cassari
424 510 443 543 ,
511 484 630 528 seu
675 464 1176 551 postulationem
1221 464 1458 553 repelli
1485 514 1505 547 ,
1574 474 1684 529 aut
1739 464 2281 531 renuntiationem
2322 466 2576 531 admitti

165 586 288 652 per
327 586 448 628 nos
494 573 605 629 aut
645 558 1049 629 Auctoritate
1104 574 1324 629 nostra
1383 564 1737 650 continget,
1762 565 1956 653 -apud
1998 563 2245 631 Sedem
2309 566 2564 654 praedi-

167 672 339 727 ctam
377 664 489 728 vel
529 663 686 729 alibi
724 664 1112 749 ubicunque,
1163 673 1230 729 et
1265 664 1456 730 etiam
1488 688 1609 754 per
1652 666 1897 742 obitum
1922 664 2363 732 Cardinalium
2406 668 2573 733 eius-

169 763 328 828 dem
367 762 702 827 Ecclesiae
745 764 1092 848 Romanae,
1141 774 1252 829 aut
1295 763 1778 831 Officiariorum
1822 766 2030 831 dictae
2076 764 2269 832 Sedis
2293 816 2312 849 ,
2362 789 2577 851 quam-

171 864 288 929 diu
329 864 474 952 ipsa
523 862 761 930 Officia
799 864 1133 929 actualiter
1177 866 1530 948 tenebunt,
1586 865 1894 929 videlicet
1934 866 2098 930 Vice
2122 903 2145 914 ·
2172 864 2580 949 Cancellarii,

171 955 532 1029 Camerarii
551 1013 572 1046 ,
643 972 894 1052 septem
939 963 1390 1047 Notariorum,
1450 964 1847 1030 Auditorum
1894 965 2283 1031 Litterarum
2328 976 2575 1031 contra·

171 1063 496 1131 dictarum
557 1072 622 1127 et
667 1063 1034 1151 Apostolici
1075 1064 1305 1128 Palatii
1357 1087 1690 1129 causarum
1730 1064 2125 1130 Auditorum
2156 1115 2175 1148 ,
2238 1063 2579 1132 Oorrec‘to-

169 1187 340 1247 rum,
391 1171 648 1228 centum
697 1173 763 1227 et
805 1164 994 1229 unius
1038 1162 1444 1253 Scriptorum
1469 1164 1862 1230 Litterarum
1906 1166 2427 1254 Apostolicarum
2443 1216 2463 1249 ,
2511 1176 2577 1232 et

167 1263 408 1350 viginti
455 1272 728 1348 quatuor
769 1263 1308 1329 Poenitentiariae
1349 1265 1679 1353 praefatae
1722 1264 1917 1331 Sedis
1939 1315 1958 1348 ,
2006 1276 2071 1329 et
2105 1266 2339 1351 viginti
2386 1267 2569 1352 quin-

173 1386 304 1451 que
339 1364 906 1447 Abbreviatorum,
947 1386 1072 1429 nec
1113 1386 1245 1430 non
1281 1386 1589 1429 verorum
1620 1363 2171 1431 Commensalium
2212 1376 2581 1433 nostrorum

179 1474 246 1531 et
285 1464 564 1530 aliorum
606 1464 838 1549 viginti
871 1465 1156 1550 quinque
1183 1463 1686 1553 Capellanorum
1708 1464 1903 1532 Sedis
1952 1467 2247 1531 eiusdem
2287 1466 2355 1532 in
2381 1466 2582 1554 Ephi-

181 1565 403 1655 taphio
449 1565 926 1655 descriptorum
969 1576 1036 1631 et
1079 1566 1272 1631 etiam
1305 1588 1833 1652 quorumcunque
1856 1567 2255 1654 Legatorum
2286 1590 2405 1633 seu
2432 1566 2581 1634 Col-

177 1666 499 1731 lectorum
555 1690 631 1732 ac
693 1668 762 1732 in
802 1668 992 1733 terris
1040 1668 1366 1733 Romanae
1406 1667 1741 1735 Ecclesiae
1783 1668 2137 1733 Raetorum
2182 1678 2249 1733 et
2290 1668 2576 1733 Thesau-

179 1766 502 1831 rariorum
522 1816 543 1849 ,
585 1767 1038 1856 deputatorum
1084 1792 1199 1835 seu
1239 1769 1585 1833 missorum
1627 1769 1968 1853 hactenus,
2032 1770 2141 1833 vel
2184 1768 2583 1857 deputando-

183 1890 336 1931 rum
377 1876 489 1931 aut
525 1868 989 1934 mittendorum
1051 1870 1122 1934 in
1162 1865 1498 1958 posterum
1525 1920 1545 1951 ,
1610 1870 1899 1935 vacantia
1957 1878 2024 1933 et
2064 1870 2131 1935 in
2172 1878 2360 1934 antea
2400 1890 2582 1933 vaca-

188 1976 366 2050 tura3
413 1968 781 2053 ubicunque
827 1969 1030 2035 dictos
1059 1968 1342 2056 Legatos
1382 1970 1492 2034 vel
1539 1967 1941 2035 Collectores
1980 1992 2097 2035 seu
2122 1971 2435 2036 Rectores
2480 1978 2590 2034 aut

185 2068 654 2133 Thesaurarios
682 2120 702 2153 ,
749 2079 1093 2155 antequam
1140 2069 1223 2134 ad
1264 2070 1621 2136 Romanam
1666 2068 1925 2135 Curiam
1964 2070 2281 2136 redierint
2320 2092 2435 2135 seu
2476 2088 2588 2131 ve-

183 2169 423 2252 nerint,
464 2171 660 2235 rebus
705 2169 903 2239 eximi
945 2170 1292 2256 contigerit
1333 2172 1412 2235 ab
1454 2170 1773 2234 humanis,
1863 2170 2008 2235 Nec
2050 2193 2184 2235 non
2228 2168 2577 2254 quorumli-

185 2270 300 2334 bet
342 2291 463 2357 pro
507 2269 993 2355 quibuscunque
1033 2268 1315 2355 negotiis
1359 2268 1443 2334 ad
1480 2270 1837 2335 Romanam
1878 2267 2141 2335 Curiam
2185 2268 2583 2332 venientium

183 2390 304 2433 seu
355 2368 549 2433 etiam
589 2370 1036 2435 recedentium
1070 2370 1150 2435 ab
1194 2369 1442 2452 eadem,
1494 2370 1547 2433 si
1583 2370 1655 2433 in
1696 2369 1857 2433 locis
1900 2394 1937 2433 a
1980 2368 2151 2433 dicta
2178 2366 2373 2433 Curia
2416 2366 2584 2431 ultra

184 2468 346 2533 duas
393 2468 661 2533 Diaetas
714 2470 964 2556 legales
1009 2490 1158 2533 ‘non
1221 2469 1602 2534 distantibus
1662 2468 1791 2532 iam
1830 2468 2049 2532 forsan
2092 2466 2405 2548 obierint,
2474 2466 2585 2531 vel

169 2590 298 2634 -eos
341 2569 412 2633 in
453 2578 640 2634 antea
682 2572 762 2635 ab
806 2571 928 2635 hac
971 2570 1116 2634 luce
1175 2570 1447 2635 transire
1494 2568 1874 2654 contigerit3
1928 2568 2121 2633 etiam
2164 2565 2356 2631 simili
2388 2566 2581 2631 modo

185 2692 722 2757 quorumcunque
771 2669 1127 2735 Curialium
1151 2720 1172 2753 ,
1237 2668 1817 2759 peregrinationiS,
1884 2666 2274 2733 infirmitatis
2318 2688 2434 2731 seu
2475 2687 2579 2731 re-

183 2770 530 2835 creationis
555 2820 574 2854 ,
645 2772 753 2835 vel
797 2771 922 2835 alia
965 2792 1346 2855 quacunque
1389 2792 1577 2834 causa
1618 2768 1701 2833 ad
1746 2770 2009 2854 quaevis
2050 2768 2227 2834 Loca
2273 2767 2580 2833 seceden-

185 2870 369 2952 tium,
405 2870 460 2934 si
507 2891 638 2953 eos,
679 2878 1024 2955 antequam
1062 2870 1148 2934 ad
1191 2870 1424 2935 dictam
1471 2866 1734 2934 Curiam
1778 2869 2112 2951 redierint,
2158 2868 2227 2933 in
2247 2868 2437 2933 Locis
2484 2868 2580 2933 ul-

183 2977 284 3034 tra
331 2969 488 3034 duas
529 2964 941 3053 DiaetaS,⁴ab
987 2970 1216 3035 eadem
1262 2968 1478 3051 Curia,
1524 2977 1599 3033 ut
1635 2968 2084 3056 praemittitur,
2128 2992 2260 3035 non
2298 2967 2587 3048 remotis,

188 3068 543 3133 dummodo
587 3090 813 3133 eorum
851 3070 1187 3156 proprium
1228 3068 1651 3133 Domicilium
1690 3090 1821 3131 non
1860 3068 2096 3133 existat
2134 3068 2411 3149 ibidem,
2457 3066 2586 3130 iam

187 3170 408 3234 forsan
451 3168 866 3251 decesserint,
908 3170 1018 3233 vel
1056 3168 1124 3231 in
1163 3176 1501 3256 posterum
1534 3188 1645 3231 eos
1692 3168 2039 3253 contigerit
2069 3166 2151 3231 de
2195 3166 2409 3231 medio
2439 3167 2585 3231 sub-

188 3267 441 3333 moveri
486 3277 553 3332 et
590 3291 763 3333 nunc
802 3290 923 3355 per
968 3268 1213 3333 obitum
1252 3266 1623 3331 huiusmodi
1664 3267 1955 3331 vacantia
1994 3267 2103 3331 vel
2145 3267 2214 3331 in
2247 3275 2585 3352 posterum

184 3376 518 3449 vacatura3
565 3389 787 3433 rursus
829 3367 1239 3449 Monasteria,
1280 3366 1610 3431 Prioratus
1660 3375 1726 3430 et
1757 3366 2145 3449 DecanatuS,
2189 3366 2585 3452 DignitateS,

187 3467 605 3551 Personatus,
648 3468 1282 3550 Administrationes,
1333 3466 1570 3533 Officia
1590 3516 1610 3550 ,
1665 3466 2120 3553 Canonicatus,
2172 3464 2588 3532 Praebendas

190 3578 258 3632 et
298 3568 645 3653 EcclesiaS,
689 3578 1070 3654 caeteraque
1109 3566 1442 3633 Beneficia
1479 3566 1949 3650 Ecclesiastica,
1988 3565 2338 3633 saecularia
2380 3574 2445 3629 et
2484 3586 2587 3627 re-

189 3670 448 3758 gularia
465 3717 485 3751 ,
561 3692 704 3734 cum
751 3666 926 3735 Cura
963 3678 1030 3733 et
1069 3670 1208 3733 sine
1255 3667 1427 3733 Oura
1447 3717 1466 3750 ,
1530 3688 1948 3753 quaecunque
2015 3676 2080 3732 et
2124 3667 2589 3753 qualiacunque

189 3770 484 3851 fuerint3
561 3769 808 3834 etiamsi
861 3769 942 3833 ad
1001 3769 1116 3833 illa
1175 3790 1492 3856 personae
1556 3768 2009 3833 consueverint
2070 3789 2186 3832 seu
2246 3764 2588 3832 debuerint

190 3890 314 3959 per
352 3868 763 3934 Eiectionem
783 3919 802 3952 ,
879 3892 993 3935 seu
1035 3870 1326 3955 quemvis
1374 3871 1572 3948 alium
1612 3870 1878 3934 modum
1921 3868 2196 3949 assumi,
2241 3888 2403 3951 quae
2444 3886 2592 3953 pro·

191 3970 353 4034 mofi
401 3990 526 4056 per
565 3992 684 4034 nos
725 3970 834 4033 vel
884 3970 1291 4035 Auctor-itate
1329 3978 1549 4035 nostra
1590 3970 1673 4033 ad
1719 3966 2245 4034 Patr-iarchalium
2269 4014 2288 4048 ,
2358 3964 2592 4029 Archi-

191 4068 685 4158 Episcopalium
731 4079 796 4134 et
837 4068 1320 4157 Episcopalium
1363 4069 1803 4135 Ecclesiarum
1827 4118 1845 4150 ,
1922 4090 2044 4133 nec
2090 4088 2223 4131 non
2269 4065 2595 4131 Monaste-

192 4170 443 4235 riorum
484 4170 808 4257 regimina
871 4170 1245 4236 obtinebant
1295 4178 1591 4259 tempore
1657 4169 2137 4256 promotionum
2182 4166 2265 4230 de
2304 4165 2461 4255 ipsis
2505 4165 2594 4229 fa-

195 4280 447 4336 ctarum
463 4320 484 4353 ,
529 4293 704 4335 nune
745 4290 1128 4356 quocunque
1171 4269 1366 4334 modo
1404 4268 1721 4351 vacantia,
1784 4276 1895 4333 aut
1933 4268 2002 4331 in
2041 4274 2374 4355 posterum
2414 4288 2597 4331 vaca-

193 4380 360 4455 tura,
409 4390 535 4435 nec
577 4392 710 4436 non
755 4369 984 4453 etiam,
1041 4391 1204 4455 quae
1247 4390 1370 4457 per
1417 4367 1887 4433 assecutionem
1924 4366 2259 4455 pacificam
2302 4388 2601 4453 quorum-

195 4491 455 4555 cunque
501 4468 935 4554 Prioratuum,
980 4470 1393 4557 Dignitatum
1405 4518 1425 4551 ,
1467 4468 1941 4532 Personatuum
1954 4515 1975 4548 ,
2028 4464 2432 4547 Officiorum,
2482 4464 2602 4529 Oa-
