2959 4984
416 323 523 379 108
696 324 887 378 xvm.
962 327 1267 380 EUGENII
1300 326 1391 376 IV.
1428 325 1674 378 BULLA
1715 327 1840 376 Dm
1881 327 1998 378 VII.
2039 327 2238 378 FEBR.
2281 329 2342 379 A.
2381 323 2540 378 1447.

428 491 639 557 dimus
684 489 778 554 eis
822 490 931 574 qui
972 488 1453 576 possessionem
1498 486 1884 572 dignitatum
1933 487 2136 553 eciam
2175 487 2828 576 Metropolitanamm

426 589 915 658 Gathedralium
974 598 1039 654 et
1093 588 1536 654 Abbatialium
1593 609 1708 653 seu
1773 590 2230 666 benefitiorum
2289 609 2830 674 quorumcunque

425 690 747 757 ordinaria
800 688 907 752 vel
956 687 1081 752 alia
1116 687 1492 752 auctoritate
1535 689 1654 754 sub
1697 687 1926 752 eadem
1968 687 2250 753 Natione
2293 689 2675 753 obtinentes·
2711 687 2827 752 du-

422 799 605 856 rante
662 789 1067 856 neutralitate
1132 789 1241 854 vel
1308 789 1700 876 supensione
1763 787 2074 876 predictis
2125 789 2353 876 vigore
2401 811 2830 877 processuum

420 891 492 956 in
533 889 821 956 Romana
866 887 1061 954 Curia
1121 887 1231 952 vel
1284 888 1353 954 in
1394 888 1654 953 Basilea
1701 890 1820 954 sub
1868 889 2130 953 nomine
2170 889 2500 974 generalis
2546 887 2832 955 Concilii

424 992 833 1056 obtentorum
892 997 1003 1052 aut
1044 987 1201 1052 alias
1247 987 1572 1053 violenter
1612 988 1878 1053 fuerunt
1919 988 2174 1076 spoliati
2195 1039 2215 1071 ,
2283 989 2398 1054 sed
2443 998 2574 1053 tam
2613 989 2831 1076 spolia

424 1111 615 1174 quam
653 1088 795 1154 iura
838 1108 1061 1152 eorum
1108 1087 1323 1152 denuo
1366 1108 1584 1152 coram
1611 1087 1942 1152 Iudicibus
1979 1086 2318 1152 ordinariis
2351 1098 2830 1174 cognoscantur

424 1197 493 1252 et
552 1187 685 1254 fine
729 1187 947 1252 debito
994 1186 1439 1252 derminentur
1455 1235 1475 1270 ,
1539 1187 1816 1275 Insuper
1862 1207 2084 1252 omnes
2132 1197 2197 1252 et
2239 1187 2525 1273 singulas
2573 1189 2832 1276 prefate

424 1286 721 1354 Nationis
762 1296 875 1352 aut
915 1285 1181 1352 alterius
1224 1287 1293 1351 in
1335 1307 1412 1352 ea
1452 1287 1772 1352 beneficia
1811 1287 1922 1351 vel
1965 1287 2166 1352 offitia
2210 1288 2576 1354 obtinentes
2597 1309 2830 1374 perso-

425 1411 541 1454 nas
602 1386 1065 1452 ecclesiasticas
1128 1395 1194 1451 et
1248 1388 1570 1452 seculares
1619 1387 1876 1452 eciamsi
1919 1387 2184 1474 Regalis
2229 1387 2832 1477 Archiepiscopalis

429 1485 833 1574 Episcopalis
873 1484 982 1550 vel
1026 1485 1287 1551 alterius
1334 1486 1664 1573 dignitatis
1705 1486 1966 1568 fuerint,
2009 1487 2116 1571 qui
2155 1496 2306 1576 post
2333 1488 2836 1553 dissolutionem

428 1585 565 1650 sive
611 1585 1095 1651 translationem
1138 1587 1371 1673 prefati
1416 1585 1691 1655 Concilii
1734 1609 1854 1675 per
1894 1576 2014 1652 nos
2057 1587 2290 1653 factam
2333 1588 2836 1675 congregationi

423 1685 879 1752 Basiliensium
942 1687 1061 1751 sub
1120 1687 1379 1752 nomine
1437 1687 1766 1774 generalis
1811 1685 2088 1753 Concilii
2150 1687 2546 1754 adheserunt
2605 1688 2834 1755 obedi-

426 1794 663 1854 verunt
722 1795 833 1856 aut
874 1785 1264 1874 incorporati
1304 1787 1570 1852 fuerunt
1611 1787 1721 1871 qui
1761 1787 1890 1852 iam
1935 1787 2017 1852 ad
2061 1796 2348 1852 nostram
2393 1787 2835 1870 obedientiam

434 1896 587 1952 sunt
624 1886 872 1951 reversi
911 1886 1021 1951 vel
1059 1885 1228 1950 infra
1270 1907 1393 1950 sex
1431 1886 1696 1952 Menses
1736 1896 1888 1975 post
1929 1887 2428 1952 declarationem
2471 1911 2594 1974 pro
2640 1888 2836 1953 nobis

430 1989 661 2052 factam
725 1985 1077 2069 redierint,
1142 2008 1258 2052 seu
1321 1986 1737 2052 declarationi
1801 1987 1928 2074 ipsi
1991 1986 2367 2052 adheserint
2409 1990 2489 2053 ab
2531 1989 2836 2054 omnibus

434 2097 499 2154 et
556 2087 833 2174 singulis
890 2087 1267 2154 iuramentis
1326 2087 1596 2176 periurii
1653 2096 1836 2152 reatu
1889 2109 1966 2151 ac
2017 2086 2159 2150 aliis
2203 2087 2491 2152 censuris
2536 2096 2602 2152 et
2639 2089 2836 2175 penis

430 2189 484 2254 si
543 2187 651 2272 qui
708 2196 1087 2253 tenerentur
1152 2196 1261 2252 aut
1302 2187 1726 2252 incurrissent
1781 2185 2040 2250 inflictis
2100 2194 2166 2250 et
2219 2186 2288 2251 in
2332 2187 2496 2251 tales
2539 2189 2836 2275 promul-

430 2287 599 2376 gatis
660 2295 773 2352 aut
810 2297 1157 2376 propterea
1196 2285 1574 2372 infligendis
1615 2286 1991 2352 auctoritate
2030 2287 2282 2374 prefata
2322 2285 2720 2351 absolvimus
2771 2299 2837 2353 et

426 2391 778 2455 liberamus
798 2438 819 2471 ,
866 2410 940 2452 ac
981 2409 1239 2453 omnem
1278 2386 1777 2470 irregularitatis
1820 2385 2235 2453 inhabilitatis
2280 2394 2345 2449 et
2386 2385 2650 2452 infamie
2697 2410 2832 2452 ma-

432 2491 641 2556 culam
686 2490 821 2554 sive
880 2497 1099 2553 notam
1145 2486 1385 2551 exinde
1428 2485 1919 2570 quomodolibet
1979 2486 2197 2550 forsan
2241 2494 2632 2551 contractam
2677 2490 2835 2553 abo-

429 2591 659 2672 lemus,
698 2612 772 2654 ac
802 2588 871 2653 in
913 2587 1257 2676 pristinum
1300 2593 1532 2650 statum
1565 2585 1960 2652 restituimus
2006 2594 2071 2650 et
2111 2584 2488 2674 reponimus
2520 2608 2643 2673 per
2673 2586 2838 2652 inde

428 2711 505 2754 ac
548 2689 603 2754 si
648 2688 800 2752 talia
838 2686 1101 2751 minime
1150 2694 1574 2767 emanassent,
1616 2684 1926 2751 Preterea
1970 2707 2194 2751 omnes
2236 2693 2304 2749 et
2356 2685 2647 2770 singulas
2681 2709 2840 2775 per-

434 2811 625 2853 sonas
666 2785 965 2852 Nationis
1026 2783 1277 2873 prefate
1342 2785 1478 2849 sive
1539 2784 1806 2850 alterius
1862 2786 1932 2850 in
1993 2806 2068 2850 ea
2124 2785 2434 2851 benefitia
2475 2785 2584 2849 vel
2631 2785 2844 2852 offitia

437 2887 601 2952 sicut
657 2885 1047 2974 premissum
1093 2893 1193 2950 est
1238 2885 1600 2950 obtinentes
1644 2907 1770 2970 que
1816 2887 1935 2952 sub
1983 2885 2418 2951 declaratione
2457 2884 2842 2950 huiusmodi

437 3009 559 3077 pro
624 2985 813 3051 nobis
866 2983 1160 3050 facienda
1220 2985 1718 3050 continebuntur
1781 3007 1906 3070 que
1951 2994 2102 3074 post
2141 2984 2512 3051 huiusmodi
2559 2983 2841 3050 Concilii

440 3086 924 3152 translationem
964 3085 1224 3150 Basilee
1282 3093 1734 3152 remanserunt
1792 3108 1865 3150 ac
1917 3086 2042 3174 ipsi
2099 3086 2596 3172 congregationi
2642 3085 2842 3150 adhe-

446 3196 673 3253 serunt
726 3187 1025 3251 faverunt
1077 3184 1296 3250 offitiis
1354 3185 1423 3249 in
1481 3185 1710 3252 eadem
1758 3186 2181 3274 prefuerunt,
2249 3196 2359 3251 aut
2399 3185 2846 3272 in·legatione

446 3309 671 3354 eorum
733 3285 911 3351 missi
974 3295 1123 3352 sunt
1178 3285 1566 3370 quandoque
1617 3293 1727 3350 aut
1768 3285 1860 3350 eis
1905 3285 2356 3368 crediderunt,
2418 3287 2498 3351 ab
2545 3285 2845 3353 omnibus

443 3384 1121 3454 excommunicationis
1196 3385 1636 3473 suspensionis
1699 3384 2028 3451 interdicti
2091 3385 2364 3469 aliisque
2431 3385 2726 3450 censuris
2783 3393 2848 3450 61

439 3488 626 3579 penis
684 3488 753 3552 in
806 3508 911 3552 eas
951 3508 1071 3574 per
1113 3507 1456 3573 processus
1499 3495 1752 3550 nostros
1797 3495 1908 3550 aut
1945 3486 2102 3550 alias
2145 3485 2409 3551 inflictis
2451 3494 2516 3550 et
2554 3485 2844 3573 promul-

442 3589 611 3676 gatis
655 3587 1044 3653 absolvimus
1095 3609 1241 3650 cum
1281 3585 1406 3651 hiis
1452 3585 1561 3670 qui
1611 3585 1744 3652 ibid
1755 3608 1858 3651 em
1901 3609 2017 3652 seu
2059 3586 2338 3675 provisis
2358 3587 2406 3672 ¹)
2439 3587 2520 3651 ab
2549 3585 2710 3673 ipsis
2735 3594 2849 3650 aut

442 3712 668 3756 eorum
724 3689 1100 3754 auctoritate
1162 3711 1377 3753 sacros
1422 3686 1686 3752 ordines
1731 3686 1901 3751 dicto
1949 3695 2244 3774 tempore
2289 3696 2711 3774 receperant,
2776 3695 2848 3751 ut

440 3790 509 3856 in
550 3789 863 3877 susceptis
913 3788 1246 3854 ordinibus
1288 3785 1650 3852 ministrare
1691 3785 1948 3850 valeant
1995 3785 2478 3872 dispensantes,
2522 3785 2848 3851 Volumus

438 3892 704 3978 insuper
766 3890 940 3974 quod
994 3889 1235 3976 singuli
1274 3887 1764 3976 Metropolitani
1806 3886 2104 3953 Nationis
2163 3884 2455 3951 eiusdem
2515 3893 2667 3950 actu
2721 3885 2850 3952 iam

440 3990 627 4056 nobis
670 3989 1051 4056 obedientes
1089 3990 1200 4053 vel
1242 3989 1350 4074 qui
1392 3988 1564 4052 infra
1605 4009 1727 4053 sex
1771 3986 2034 4052 Menses
2077 3994 2152 4051 ut
2186 3986 2514 4074 prefertur
2556 3985 2745 4051 nobis
2789 3993 2854 4049 et

442 4089 797 4178 apostolice
836 4089 977 4156 sedi
1022 4088 1302 4154 debitam
1345 4087 1780 4153 obedientiam
1814 4085 2194 4175 prebuerint
2241 4085 2610 4150 consimiles
2643 4084 2852 4152 bullas

450 4190 587 4255 sive
628 4190 873 4256 litteras
916 4188 1298 4276 apostolicas
1341 4188 1622 4253 habeant
1662 4208 1858 4276 super
1901 4187 2131 4270 quibus
2172 4185 2541 4275 petentibus
2589 4185 2850 4271 quibus·

454 4311 707 4375 cunque
749 4298 1061 4375 quatenus
1100 4311 1261 4377 opus
1316 4287 1514 4353 fuerit
1549 4289 1670 4374 sub
1717 4309 1942 4353 eorum
1983 4285 2217 4374 sigillis
2261 4294 2663 4372 transumpta
2705 4307 2851 4350 con·

648 4500 703 4566 1)
738 4498 827 4552 Ita
857 4497 919 4552 in
953 4501 1063 4552 aut.
1109 4497 1287 4567 Lege:
1328 4516 1365 4552 a
1399 4501 1654 4568 provisis.
