2959 4984
486 343 784 394 xxxvm.
859 341 1104 394 BULLA
1145 343 1288 394 PRO
1323 343 1575 396 REGNO
1614 343 2011 397 BORUSSIGO
2052 345 2117 394 Α.
2160 342 2316 396 1821.
2511 348 2613 403 241

217 513 404 578 alteri
443 511 979 599 archiepiscopali
1021 510 1354 576 Ecclesiae
1381 511 1753 578 Gnesnensi
1794 513 1913 576 sub
1956 511 2372 577 Invocatione
2401 509 2620 580 Sancti

219 612 569 678 Adelberti
617 633 738 700 per
781 611 1224 676 dimissionem
1262 611 1675 677 Venerabilis
1720 609 1965 676 Fratris
2010 611 2249 698 Ignatii
2284 613 2625 679 Raczinski

217 713 432 777 ultimi
487 712 666 778 illius
709 711 1209 799 Archiepiscopi
1253 713 1321 776 in
1363 712 1659 777 manibus
1698 711 1957 778 Nostris
1997 711 2203 777 libere
2246 713 2473 778 factam
2493 764 2512 796 ,
2559 725 2627 780 et

219 833 340 900 per
377 812 520 877 Nos
565 810 910 876 admissam
951 810 1035 874 ad
1078 832 1388 899 praesens
1431 809 1706 892 vacanti,
1748 831 1954 895 aeque
1988 811 2431 900 principaliter
2477 837 2624 902 per-

217 924 418 1002 petuo
465 915 726 979 unimus
749 964 769 996 ,
835 923 904 979 et
952 936 1392 1001 aggregamus
1413 964 1434 997 ,
1500 935 1575 978 ac
1617 912 1996 977 Venerabili
2042 911 2253 976 Fratri
2292 913 2636 984 Timotheo

235 1015 643 1082 Gorszenski
703 1015 1023 1080 moderno
1063 1014 1390 1103 Episcopo
1427 1012 1853 1078 Posnaniensi
1908 1035 2145 1091 curam,
2192 1014 2511 1100 regimen,
2572 1028 2638 1083 et

233 1114 857 1180 administrationem
914 1115 1118 1204 ipsius
1161 1114 1491 1180 Ecclesiae
1540 1112 1943 1180 Gnesnensis
2010 1113 2302 1201 plenarie
2349 1118 2635 1181 commit—

233 1239 378 1280 mus
403 1265 423 1298 ,
475 1215 908 1300 eumdemque
953 1214 1540 1303 Archiepiscopum
1587 1213 2075 1295 Gnesnensern,
2119 1235 2193 1277 ac
2238 1213 2635 1306 Posnanien-

237 1335 380 1379 sem
434 1315 915 1398 constituimus,
977 1325 1042 1380 et
1089 1315 1512 1403 deputamus‘,
1554 1337 1629 1378 ac
1668 1312 2253 1401 Archiepiscopum
2300 1313 2641 1382 Gnesnen-

249 1437 413 1498 sem,
461 1439 536 1480 ac
564 1413 1070 1481 Posnaniensem
1102 1437 1360 1502 semper
1400 1435 1565 1497 esse,
1610 1422 1676 1477 et
1702 1412 2014 1501 appellari
2044 1413 2440 1498 mandamus,
2478 1417 2642 1482 eius—

239 1535 372 1600 que
427 1514 552 1578 iuri
596 1515 1074 1604 Metropolitico
1123 1514 1578 1603 Episcopalem
1618 1513 1975 1579 Ecclesiam
2026 1511 2444 1582 Culmensem
2488 1514 2639 1583 Suf-

243 1637 600 1701 raganeam
644 1617 1066 1702 assignamus,

397 1717 606 1802 (VII.)
657 1717 1078 1807 Episcopales
1119 1739 1276 1784 vero
1312 1717 1637 1783 Ecclesiae
1662 1717 2289 1799 wratislaviensem,
2332 1739 2405 1780 ac
2430 1715 2625 1781 War-

220 1818 545 1883 mienscm
604 1817 754 1882 huic
797 1827 1052 1884 sanctae
1117 1819 1256 1883 sedi
1300 1827 1621 1907 perpetuo
1678 1817 2049 1882 immediate
2094 1817 2413 1883 subiectas
2462 1837 2629 1900 esse,

227 1941 308 1983 ac
350 1939 690 1983 remanere
728 1917 968 1984 debere
1017 1917 1442 1984 declaramus.

400 2017 644 2104 (VHI.)
733 2015 1030 2106 Singulis
1073 2029 1286 2084 autern
1337 2018 1866 2107 Archiepiscopis
1924 2026 1991 2082 et
2031 2017 2375 2106 Episcopis
2418 2017 2633 2083 omnia

226 2128 298 2184 et
343 2118 602 2204 singula
642 2117 800 2201 iura,
845 2119 1407 2206 praeeminentias,
1437 2118 1945 2206 praerogativaS,
1991 2140 2065 2182 ac
2109 2116 2455 2204 privilegia
2495 2116 2639 2181 aliis

220 2218 490 2282 illarum
533 2216 822 2281 Partium
867 2217 1396 2307 Archiepiscopis
1439 2228 1505 2283 et
1541 2217 1881 2307 Episcopis
1926 2217 2221 2304 legitime
2264 2225 2635 2304 competen-

221 2318 316 2383 tia
357 2315 716 2399 tribuimus,
759 2326 826 2382 et
871 2318 1341 2384 confirmamus·

399 2415 578 2501 (IX.)
627 2416 825 2500 Quod
865 2427 1112 2506 spectat
1155 2417 1529 2506 Capitulum
1570 2417 2111 2506 Metropolitanae
2154 2415 2485 2482 Ecclesiae
2516 2415 2643 2482 Co-

225 2516 566 2598 loniensis,
607 2516 679 2580 in
721 2539 798 2582 eo
841 2518 996 2583 duas
1041 2519 1354 2605 erigimus
1400 2518 1796 2604 DignitateS,
1840 2517 2364 2606 Praeposituram
2408 2515 2635 2580 videli—

230 2625 362 2700 cet,
407 2639 572 2702 quae
597 2617 810 2682 Maior
853 2618 977 2682 erit
1017 2627 1168 2706 post
1193 2618 1663 2701 Pontificalem,
1713 2641 1787 2683 ac
1816 2618 2223 2683 Decanatum
2269 2615 2638 2698 secundam,

229 2717 468 2782 decem
507 2707 946 2782 Canonicatus
988 2718 1443 2802 Numerarioe,
1508 2727 1576 2784 et
1634 2727 1909 2802 quatuor
1952 2717 2382 2784 Canonicatus
2426 2717 2650 2782 Hono-

225 2817 462 2899 rarioS,
502 2840 578 2881 ac
621 2826 988 2904 praeterea,
1039 2827 1187 2883 octo
1229 2818 1543 2900 VicariaS,
1590 2839 1704 2884 seu
1746 2817 2252 2884 praebendatus.

403 2915 548 3001 (X.)
635 2915 1233 3006 Archiepiscopalis
1274 2917 1605 2984 Ecclesiae
1650 2917 2055 2985 Gnesnensis
2080 2917 2455 3007 Capitulum
2498 2939 2646 2983 con·

235 3016 432 3082 stabit
467 3017 872 3103 inposterum
922 3039 1009 3082 ex
1049 3017 1240 3082 unica
1281 3017 1617 3082 dumtaxat
1642 3017 2004 3106 Praepositi
2042 3018 2402 3104 Dignitate,
2450 3026 2517 3081 et
2558 3039 2645 3080 cx

236 3139 514 3184 numero
582 3139 702 3182 sex
759 3116 1266 3183 Canonicatuum
1296 3167 1315 3200 ,
1371 3117 1637 3183 alterius
1693 3140 1851 3183 vero
1898 3118 2356 3184 Posnaniensis
2407 3117 2640 3183 Archi-

241 3217 629 3307 episcopalis
652 3215 986 3282 Ecclesiae
1008 3215 1385 3305 'Capitulum
1425 3217 1857 3282 efformabunt
1883 3217 2010 3282 duo
2028 3218 2422 3305 Dignitates‚
2452 3217 2650 3282 Prae-

237 3321 440 3411 positi
483 3319 814 3398 videlicet,
856 3339 930 3382 ac
971 3317 1258 3400 Decani,
1295 3307 1449 3382 'octo
1496 3316 1923 3383 Canonicatus
1961 3317 2332 3384 Numerarii
2356 3366 2375 3401 ,
2435 3326 2501 3383 et
2543 3317 2653 3383 alii

237 3431 514 3507 quatuor
559 3417 988 3486 Canonicatus
1024 3415 1392 3500 Honorarii‚
1436 3437 1559 3481 nec
1600 3439 1733 3481 non
1772 3427 1916 3482 octo
1946 3417 2261 3503 Vicariae,
2307 3441 2421 3484 seu
2450 3418 2645 3482 Prae-

231 3521 575 3588 bendatus.

405 3620 587 3706 (XI.)
679 3617 1162 3686 cathedralium
1207 3616 1648 3682 Ecclesiamm
1692 3615 2120 3697 TrevirensiS,
2164 3623 2355 3700 atque
2402 3615 2646 3680 Pader-

237 3721 583 3789 bernensis
646 3717 1080 3807 respectivum
1124 3715 1496 3803 Capitulum
1560 3716 1875 3782 constabit
1932 3735 2019 3780 ex
2060 3716 2305 3781 duabus
2347 3715 2649 3802 Dignita-
2748 3731 2759 3741 ·

241 3821 435 3903 tibus,
471 3824 882 3906 una'nempe
925 3816 1308 3906 Praepositi,
1353 3839 1426 3880 ac
1470 3817 1675 3881 altera
1715 3817 1996 3899 Decani,
2044 3839 2130 3882 cx
2174 3825 2318 3881 octo
2367 3815 2643 3881 Canoni-

243 3921 494 3988 catibus
545 3919 970 4003 NumerariiS,
1015 3928 1080 3984 et
1119 3929 1394 4005 quatuor
1439 3916 1936 3985 Canonieatibus
1982 3915 2396 4000 Honorariis,
2434 3925 2641 4001 atque

237 4045 276 4086 e
327 4043 447 4086 sex
486 4019 788 4102 Vicariis,
840 4041 956 4084 scu
1002 4018 1487 4084 Praebendatis.

407 4119 623 4206 (XII.)
667 4120 747 4184 In
794 4118 1169 4185 Cathedrali
1209 4117 1505 4184 Ecclesia
1552 4115 2051 4183 Monasteriensi
2080 4116 2449 4204 Capitulum
2494 4137 2649 4180 con-

241 4221 512 4288 stituent
565 4220 758 4287 binae
801 4220 1210 4306 Dignitates,
1279 4221 1491 4286 Maior
1548 4243 1785 4310 nempe
1829 4218 2325 4307 Praepositurae
2346 4265 2367 4300 ‚
2430 4239 2504 4281 ac
2546 4237 2645 4280 se—

241 4323 454 4388 cunda
496 4321 870 4386 Decanatus
889 4371 910 4405 ,
970 4330 1114 4386 octo
1162 4319 1592 4387 Canonicatus
1633 4320 2036 4402 Numerarii,
2105 4326 2381 4402 quatuor
2419 4316 2644 4406 Hono·

237 4423 394 4490 rarii
443 4421 895 4506 Canonicatus‚
943 4430 1010 4486 et
1051 4430 1194 4486 octo
1240 4421 1562 4504 Vicariae,
1598 4443 1716 4486 seu
1759 4418 2264 4485 PraebendatuS.

405 4523 658 4611 (XIII.)
737 4521 1108 4589 Culmensis
1153 4518 1559 4588 Cathedralis
1602 4519 1939 4587 Ecclesiae
1978 4517 2355 4609 Capitulum·
2392 4526 2641 4583 consta-

303 4628 479 4671 Wuleer
507 4626 682 4672 ronta
713 4629 834 4671 curia
872 4627 1203 4670 ecclesiastici.
2188 4623 2256 4675 16
