2959 4984
441 332 514 387 84
890 332 1007 383 xn.
1082 328 1442 381 FRIDERIOI
1478 330 1548 379 11.
1590 324 2077 379 CONSTITUTIO
2115 326 2177 377 A.
2217 324 2374 379 1220.

615 492 991 560 Sanecimus
1035 492 1246 573 etiam,
1285 499 1359 555 ut
1400 491 1454 554 si
1497 489 1606 575 qui
1642 488 1890 553 clericis
1920 486 2031 551 vel
2061 487 2355 575 personis
2386 488 2847 555 ecclesiasticis

439 595 747 661 iustitiam
795 594 1121 678 denegare
1164 590 1712 679 presumpserint,
1780 588 1971 653 tertio
2020 587 2311 672 requisiti
2357 609 2535 653 suam
2581 589 2849 654 iurisdi-

441 696 683 761 tionem
731 692 1107 758 ammittant.

603 797 663 861 5.
754 796 1097 875 ChatarOS,
1142 799 1508 880 paterenOS,
1559 789 1885 873 leonistas,
1936 790 2331 877 speronistas
2348 837 2368 872 ,
2434 792 2847 876 arnaldistaS,

440 896 866 979 circumcisos,
915 903 981 960 et
1023 914 1245 957 omnes
1291 890 1612 955 hereticos
1652 891 1987 976 utriusque
2032 914 2229 957 sexus
2271 913 2682 977 quocumque
2724 914 2844 956 no-

437 1002 610 1066 mine
654 996 1056 1077 censeantur,
1097 1000 1413 1083 perpetua
1457 992 1879 1079 dampnamus
1922 993 2200 1075 infamia,
2246 993 2619 1059 diffidamus
2648 1002 2849 1079 atque

437 1102 809 1181 bannimus,
876 1105 1213 1161 censentes
1272 1102 1344 1158 ut
1403 1094 1573 1157 bona
1628 1092 1855 1157 talium
1900 1094 2367 1177 confiscentur,
2436 1116 2559 1159 nec
2599 1095 2686 1159 ad
2730 1117 2849 1159 eos

436 1201 706 1267 ulterius
749 1204 1194 1277 revertantur,
1258 1194 1348 1258 ita
1392 1193 1568 1278 quod
1612 1192 1729 1256 filii
1774 1194 1857 1257 ad
1905 1194 2379 1259 successionem
2422 1217 2651 1261 eorum
2690 1217 2847 1281 per—

436 1302 660 1389 venire
716 1321 848 1363 non
893 1296 1177 1385 possint,
1238 1318 1382 1359 cum
1427 1294 1628 1379 longe
1675 1294 1757 1359 sit
1803 1295 2061 1381 gravius
2107 1304 2397 1360 eternam
2443 1318 2633 1382 quam
2676 1308 2845 1363 tem-

435 1402 729 1491 poralem
787 1394 1122 1461 offendere
1168 1394 1587 1458 maiestatem.
1678 1394 1809 1476 Qui
1858 1402 2073 1459 autem
2104 1394 2363 1459 inventi
2408 1396 2653 1461 fuerint
2698 1398 2847 1461 sola

439 1500 794 1589 suspitione
836 1495 1174 1577 notabiles,
1221 1494 1345 1558 nisi
1387 1494 1470 1557 ad
1510 1494 1881 1558 mandatum
1922 1494 2195 1559 ecclesie
2242 1495 2421 1560 iuxta
2466 1497 2840 1562 considera-

435 1604 679 1667 tionem
723 1596 1094 1685 suspitionis
1136 1594 1637 1679 qualitatemque
1685 1616 1965 1682 persone
2016 1595 2347 1682 propriam
2400 1597 2843 1663 innocentiam

440 1723 727 1787 congrua
769 1696 1154 1786 purgatione
1196 1695 1729 1777 monstraverint,
1802 1704 2125 1780 tamquam
2166 1696 2435 1761 infames
2484 1707 2550 1763 et
2594 1700 2843 1764 banniti

438 1806 518 1869 ab
561 1800 854 1865 omnibus
898 1798 1274 1879 habeantur,
1317 1795 1406 1859 ita
1446 1795 1643 1879 quod,
1688 1795 1741 1858 si
1786 1795 1878 1859 sic
1920 1817 2040 1883 per
2070 1819 2308 1861 annum
2332 1799 2836 1885 permanserint,

443 1926 528 1968 ex
571 1911 724 1967 tunc
766 1920 874 1963 eos
921 1898 1084 1962 sicut
1121 1895 1445 1959 hereticos
1492 1894 2059 1984 condempnamus.

601 2003 661 2066 6.
747 1998 1099 2064 Statuimus
1158 1995 1350 2059 etiam
1409 1994 1536 2059 hoc
1594 1995 1805 2061 edicto
1846 1997 1915 2061 in
1952 2005 2340 2085 perpetuum
2381 1998 2661 2064 valituro
2677 2048 2699 2082 ,
2772 2008 2847 2064 ut

440 2108 790 2190 potestates
832 2098 939 2163 vel
982 2096 1278 2163 consules
1308 2117 1423 2160 seu
1453 2097 2276 2182 rectores-quibuscumque
2308 2098 2664 2183 fungantur
2692 2099 2839 2163 offi-

437 2202 570 2284 ciiS,
617 2223 736 2289 pro
784 2198 1160 2263 defensione
1203 2196 1358 2261 fidei
1400 2203 1697 2283 prestent
1738 2197 1997 2284 publice
2038 2198 2488 2281 iuramentum,
2533 2199 2710 2283 quod
2758 2198 2841 2263 de

439 2302 627 2368 terris
688 2322 804 2366 suc
861 2296 1286 2364 iurisdictioni
1343 2296 1648 2361 subiectis
1690 2296 2029 2363 universos
2072 2297 2397 2363 hereticos
2436 2300 2516 2364 ab
2564 2299 2841 2364 ecclesia

439 2404 795 2484 denotatOS,
837 2402 1008 2465 bona
1046 2396 1176 2462 fide
1219 2420 1339 2485 pro
1379 2396 1625 2461 viribus
1666 2396 2099 2462 exterminare
2125 2395 2500 2481 studebunt,
2541 2399 2633 2463 ita
2660 2399 2839 2484 quod

435 2504 668 2569 amodo
729 2502 1266 2587 quandocumque
1311 2496 1454 2581 quis
1498 2496 1696 2560 fuerit
1736 2496 1806 2561 in
1843 2505 2231 2585 potestatem
2275 2498 2411 2563 sive
2452 2508 2841 2589 perpetuam

432 2605 540 2669 vel
598 2600 1027 2688 temporalem
1090 2604 1454 2683 assumptus
1472 2645 1493 2678 ,
1558 2595 1685 2661 hoc
1742 2606 2037 2662 teneatur
2078 2598 2428 2685 capitulum
2472 2600 2840 2664 iuramento

433 2706 714 2769 firmare.
835 2697 1151 2782 Alioquin
1206 2716 1420 2780 neque
1477 2718 1599 2783 pro
1662 2698 2089 2785 potestatibus
2144 2720 2357 2783 neque
2412 2722 2533 2787 pro
2606 2722 2840 2764 consu-

429 2787 1028 2879 libus'habeantur,
1103 2817 1456 2885 eorumque
1502 2796 1850 2863 sententias
1906 2797 2317 2863 decernimus
2374 2821 2460 2864 ex
2496 2808 2654 2863 tunc
2695 2799 2840 2865 irri-

431 2911 528 2967 tas
584 2910 650 2964 et
688 2900 932 2964 inanes,
1014 2895 1088 2963 Si
1131 2918 1290 2961 vero
1337 2897 1638 2961 dominus
1684 2898 2098 2985 temporaIiS,
2163 2898 2509 2983 requisitus
2554 2908 2620 2963 et
2662 2922 2839 2963 amo-

431 3002 602 3067 nitus
645 3002 725 3065 ab
766 2996 1036 3062 ecclesia
1052 3045 1072 3079 ‚
1140 3006 1377 3060 terram
1446 3019 1627 3060 suam
1693 3018 1978 3082 purgare
2018 2998 2393 3083 neglexerit
2432 3001 2511 3063 ab
2551 2999 2843 3063 heretica

430 3100 783 3188 pravitate,
855 3106 1004 3185 post
1061 3118 1298 3161 annum
1355 3120 1392 3159 a
1451 3103 1749 3182 tempore
1808 3096 2177 3161 monitionis
2244 3098 2533 3185 elapsum
2598 3106 2843 3162 terram

431 3200 632 3288 ipsius
705 3198 1088 3285 exponimus
1169 3196 1501 3262 catholicis
1569 3195 2056 3285 occupandam3
2148 3199 2256 3283 qui
2322 3220 2465 3263 eam
2524 3199 2833 3263 extermi—

430 3299 595 3365 natis
634 3298 935 3363 hereticis
979 3299 1222 3382 absque
1263 3296 1398 3360 ulla
1441 3296 1945 3362 contradictione
1994 3297 2387 3386 possideant,
2430 3306 2500 3363 et
2557 3296 2626 3359 in
2672 3296 2831 3360 fidei

430 3399 710 3487 puritate
758 3406 1184 3478 conservent3
1252 3397 1431 3460 salvo
1476 3396 1619 3459 iure
1664 3396 1907 3461 domini
1953 3396 2327 3485 principalis
2348 3447 2367 3480 ,
2438 3396 2593 3461 dum
2636 3395 2837 3459 modo

433 3520 630 3587 super
692 3498 818 3561 hoc
855 3495 1107 3561 nullum
1150 3505 1399 3584 prestet
1441 3496 1869 3578 obstaculum,
1933 3517 2056 3561 nec
2096 3496 2359 3581 aliquod
2402 3494 2831 3584 impedimen-

436 3607 573 3661 tum
650 3604 973 3684 opponat3
1077 3594 1306 3659 eadem
1373 3594 1827 3659 nichilominus
1890 3595 2043 3681 lege
2113 3604 2366 3669 servata
2429 3604 2651 3661 contra
2723 3617 2835 3660 eos

437 3698 546 3783 qui
591 3718 722 3760 non
782 3696 1026 3761 habent
1066 3694 1360 3759 dominos
1415 3693 1826 3781 principales.
1912 3694 2273 3760 Credentes
2330 3705 2671 3784 preterea,
2734 3717 2835 3759 re-

434 3806 794 3885 ceptatores
811 3846 829 3879 ,
894 3795 1269 3860 defensores
1331 3804 1397 3859 et
1455 3794 1737 3859 fautores
1798 3794 2234 3860 hereticorum
2292 3796 2629 3861 bannimus
2650 3843 2670 3877 ‚
2728 3795 2835 3883 fir)-

432 3897 621 3961 miter
661 3904 1036 3978 statuentes,
1077 3904 1148 3961 ut
1187 3896 1242 3960 si
1279 3904 1621 3984 postquam
1657 3894 1931 3980 quilibet
1967 3896 2191 3961 talium
2232 3895 2431 3961 fuerit
2470 3916 2835 3959 excommu-

435 3997 751 4062 nicatione
798 4006 1089 4080 notatus,
1158 3988 1527 4062 satisfacere
1572 3997 2035 4084 contempserit
2074 3996 2241 4061 infra
2279 4016 2556 4079 annum,
2594 4005 2837 4061 extunc

437 4097 580 4184 ipso
637 4097 780 4162 iure
833 4097 916 4162 sit
956 4098 1159 4162 factus
1203 4098 1495 4181 infamis,
1559 4118 1683 4162 nec
1720 4098 1803 4161 ad
1849 4098 2108 4185 publica
2151 4098 2365 4164 officia
2406 4118 2523 4161 seu
2570 4096 2835 4161 consilia

435 4198 544 4261 vel
581 4197 663 4260 ad
711 4196 1053 4282 eligendos
1095 4187 1344 4283 aliquos
1385 4197 1468 4261 ad
1512 4197 1901 4282 huiusmodi,
1950 4218 2073 4263 nec
2116 4197 2200 4262 ad
2244 4197 2686 4261 testimonium
2726 4196 2834 4261 ad-

434 4298 738 4361 mittatur.
783 4294 888 4363 Sit
931 4298 1124 4363 etiam
1165 4286 1568 4380 intestabilis,
1609 4307 1682 4361 ut
1724 4319 1846 4362 nec
1884 4290 2251 4364 testamenti
2289 4297 2564 4362 liberam
2600 4297 2839 4362 habeat

432 4396 794 4477 factionem,
841 4418 961 4461 nec
1002 4396 1084 4461 ad
1128 4396 1508 4461 hereditatis
1550 4398 2025 4463 successionem
2070 4398 2353 4465 accedat.
2396 4392 2635 4463 Nullus
2682 4419 2828 4485 pre·

436 4504 614 4559 terea
654 4495 713 4559 ei
753 4517 948 4582 super
989 4519 1394 4582 quocumque
1433 4498 1701 4584 negotio
1720 4546 1739 4581 ,
1802 4508 1903 4565 set
1938 4499 2080 4588 ipse
2122 4500 2231 4566 alii
2270 4492 2703 4586 respondere
2730 4517 2830 4573 co-
