2959 4984
310 280 418 335 300
761 280 850 329 LI.
927 280 1238 331 LITERAE
1277 282 1372 331 PII
1407 280 1500 331 IX.
1538 282 1656 332 DIE
1698 280 1747 333 5.
1790 282 1955 333 Nov.
1996 283 2057 333 A.
2096 279 2251 334 1855.

309 450 539 536 gione,
583 446 843 535 pietate,
889 443 1059 507 vitae
1103 444 1496 529 integritate,
1544 467 1798 508 morum
1841 444 2158 528 gravitate
2202 468 2277 508 ac
2320 464 2517 508 sanae
2562 444 2725 507 doe-

323 548 528 613 trinae
571 546 764 610 laude
800 544 1069 635 ‘omnino
1111 554 1462 632 praestent.
1512 544 1677 611 Cum
1702 556 1917 611 autem
1947 549 2027 611 ob
2058 547 2473 629 tristissimaS,
2517 545 2731 609 omni—

321 652 569 732 busque
612 645 972 711 notissimas
1016 667 1237 709 rerum
1280 645 1755 725 vicissitudines
1802 647 2035 731 aliquis
2082 647 2347 711 forsitan
2396 647 2569 711 inter
2620 667 2729 709 66-

325 747 716 813 clesiasticos
769 745 944 809 viros
1002 746 1210 832 possit
1247 746 1559 833 reperiri,
1628 746 2141 831 quiansareae
2184 754 2251 810 et
2296 746 2732 833 Apostolicae

322 845 643 933 Majestati
673 842 847 910 Suae
889 846 1062 909 haud
1105 846 1188 909 sit
1228 848 1559 934 probatuS,
1603 848 1834 911 iccirco
1872 847 1954 911 ad
1985 868 2241 911 omnem
2272 846 2731 921 difficultatem

319 948 578 1035 penitus
615 946 1062 1026 amovendam,
1112 954 1249 1009 tum
1293 946 1362 1010 in
1405 936 1748 1033 parochiiS,
1792 956 1930 1011 tum
1973 948 2041 1011 in
2082 947 2221 1011 aliis
2267 945 2727 1010 ecclesiasticis

319 1046 653 1113 beneficiis
695 1046 1106 1130 conferendis
1153 1068 1344 1111 curae
1371 1045 1582 1111 Vobis
1633 1048 1774 1130 erit,
1816 1057 1890 1111 ut
1930 1047 2015 1112 ad
2055 1048 2167 1111 illa
2206 1045 2473 1111 minime
2514 1044 2563 1109 ii
2606 1044 2727 1108 eli-

321 1156 560 1235 gantur
604 1146 1018 1211 ecclesiastici
1063 1146 1207 1228 viri,
1255 1148 1364 1230 qui
1413 1145 1773 1211 Caesareae
1824 1156 1891 1211 et
1932 1147 2352 1235 Apostolicae
2397 1144 2729 1230 Majestati

323 1248 496 1315 Suae
553 1246 950 1311 minus-sint
1013 1246 1279 1332 accepti.
1375 1246 1596 1331 Atque
1652 1247 1721 1311 id
1778 1268 2049 1312 noscere
2107 1246 2405 1334 poteritis
2452 1245 2592 1312 sive
2636 1266 2729 1307 ex

323 1346 864 1437 praecedentibus
897 1344 1216 1412 Gubernii
1258 1347 1461 1429 factiS,
1503 1346 1640 1411 sive
1680 1347 1821 1411 aliis
1860 1347 2111 1412 idoneis
2152 1346 2454 1411 adhibitis
2489 1344 2725 1408 modis,

325 1451 604 1535 Insuper
650 1448 729 1512 ob
777 1446 1071 1511 eamdem
1114 1470 1364 1511 causam
1409 1457 1757 1531 antequam
1800 1448 2057 1533 eligatis
2086 1443 2434 1513 Seminarii
2470 1444 2725 1531 profes-

321 1572 504 1615 sores
549 1556 614 1611 et
652 1547 1017 1634 magistros,
1067 1570 1227 1635 opus
1275 1557 1391 1631 est,
1434 1558 1511 1613 ut
1553 1549 2051 1635 diligentissime
2089 1546 2425 1631 inquiratis
2469 1552 2537 1609 et
2567 1544 2729 1608 certi

321 1650 496 1732 sitis,
562 1670 720 1711 num
761 1648 914 1734 Ipsa
958 1646 1276 1713 Caesarea
1321 1658 1388 1713 et
1429 1649 1811 1737 Apostolica
1860 1648 2164 1733 Majestas
2208 1645 2453 1731 aliquid
2502 1653 2729 1709 contra

318 1750 466 1814 illos
509 1747 952 1813 habeat·circa
993 1770 1098 1813 res
1141 1749 1456 1836 politicas.
1502 1738 1809 1834 Denique
1831 1749 2040 1813 Vobis
2084 1768 2496 1833 summopere
2542 1744 2728 1809 cordi

321 1850 437 1931 sit,
500 1846 904 1920 continenter
949 1848 1308 1939 advigilare
1330 1898 1350 1931 ,
1409 1859 1484 1913 ut
1523 1850 1591 1914 in
1636 1849 2083 1914 ecclesiasticis
2133 1846 2604 1927 functionibUS,
2650 1868 2731 1909 ac

220 2024 223 2029 ¹
324 1948 732 2038 potissimum
790 1947 859 2011 in
923 1958 1327 2012 sacrosancto
1371 1950 1611 2014 Missae
1656 1948 1991 2015 Sacrificio
2048 1958 2113 2013 et
2152 1946 2729 2013 Sacramentorum

320 2048 870 2115 administratione
913 2047 1243 2112 Ecclesiae
1304 2050 1620 2113 formulae
1682 2050 1751 2116 111
1814 2050 2039 2134 lingua
2082 2050 2393 2134 cujusque
2436 2047 2602 2110 ritus
2646 2047 2727 2111 ab

323 2152 440 2215 hac
486 2148 866 2240 Apostolica
903 2146 1092 2239 Sede
1145 2149 1283 2234 jam
1323 2150 1579 2237 probati
1624 2149 1851 2214 sedulo
1896 2149 2003 2236 pie
2046 2141 2487 2233 religioseque
2538 2170 2727 2211 usur-

323 2259 602 2339 pentur.·
665 2248 900 2333 Neque
955 2248 1260 2313 desinatis
1305 2249 1775 2314 studiosissime
1820 2271 2065 2332 curare,
2110 2269 2193 2312 ne
2238 2247 2523 2311 Praelati
2570 2245 2727 2333 Epi-

325 2351 536 2438 scopis
590 2348 934 2422 inferiores
999 2372 1178 2413 sacra
1237 2350 1591 2436 pontificali
1634 2350 1763 2414 ritu
1802 2350 1872 2413 in
1915 2349 2249 2436 posterum
2280 2356 2489 2432 ,agant
2508 2394 2529 2429 ,
2597 2346 2725 2410 nisi

327 2450 646 2535 ejusmodi
693 2448 974 2536 speciale
1011 2449 1434 2535 privilegium
1467 2452 1547 2514 ab
1580 2449 1809 2514 eadem
1834 2446 2071 2513 Sancta
2094 2445 2273 2513 Sede
2302 2445 2720 2527 obtinuerint,

327 2558 391 2613 et
439 2572 514 2614 ea
558 2549 945 2633 conditione,
988 2559 1060 2613 ut
1104 2550 1212 2633 qui
1259 2551 1679 2637 privilegium
1721 2550 1899 2614 idem
1945 2548 2187 2612 fuerint
2228 2548 2581 2628 consecuti,
2630 2546 2725 2609 di-

322 2650 752 2735 ligentissime
795 2651 1138 2714 observare
1187 2650 1482 2733 debeant,
1534 2672 1697 2735 quae
1742 2658 1878 2713 tum
1920 2650 1989 2712 in
2016 2649 2302 2713 Decreto
2348 2668 2484 2711 rev.
2528 2668 2723 2709 mem.

326 2748 692 2814 Alexandri
734 2746 890 2812 VII.
934 2747 1466 2832 Praedccessoris
1515 2748 1740 2815 Nostri
1784 2748 1888 2813 die
1930 2747 2031 2811 27.
2075 2744 2481 2833 Septembris
2526 2743 2727 2808 Anno

337 2846 498 2910 1659
545 2846 757 2926 edito,
820 2853 955 2909 tum
996 2846 1065 2911 in
1111 2847 1509 2935 Apostolicis
1558 2849 1823 2913 Litteris
1868 2840 2071 2911 felicis
2114 2844 2585 2910 recordationis
2626 2842 2727 2906 Pii

327 2943 482 3008 VII.
540 2943 924 3009 Decessoris
993 2947 1236 3033 pariter
1304 2948 1531 3013 Nostri
1602 2949 2055 3037 incipientibus
2106 2946 2357 3027 „Decet
2400 2944 2729 3009 Romanos

327 3042 718 3107 Pontifices“
767 3053 832 3107 et
868 3044 989 3111 IV.
1031 3047 1251 3112 Nonas
1277 3048 1441 3114 Julii
1477 3049 1672 3114 Anno
1702 3050 1867 3113 1823
1915 3046 2075 3112 datis
2122 3054 2268 3109 sunt
2308 3045 2725 3133 praescripta.

327 3142 618 3227 Habetis,
669 3146 911 3211 Dilecti
950 3148 1100 3213 Filii
1145 3148 1367 3214 Nostri
1407 3174 1481 3213 ac
1526 3150 1953 3215 Venerabiles
1998 3146 2277 3230 Fratres,
2326 3166 2489 3230 quae
2516 3144 2725 3209 Vobis

328 3245 808 3333 inpraesentia
850 3250 1276 3335 significanda
1321 3272 1462 3315 esse
1510 3250 1893 3331 censuimUS,
1938 3270 2011 3312 66
2056 3248 2249 3335 plane
2295 3268 2426 3311 non
2472 3246 2721 3311 dubita-

331 3370 474 3411 mus
495 3396 514 3430 ,
576 3347 732 3431 quin
773 3369 894 3433 pro
942 3350 1214 3435 egregia
1257 3360 1472 3415 vestra
1515 3350 1751 3437 pietate
1794 3372 1871 3413 ac
1911 3347 2227 3433 singulari
2275 3355 2337 3409 et
2379 3356 2726 3435 perspecta

333 3470 492 3533 erga
533 3447 670 3513 Nos
735 3456 800 3511 et
856 3448 1021 3511 hanc
1064 3447 1368 3515 Sanctam
1410 3449 1657 3516 Sedem
1720 3446 2150 3514 observ-antia·
2198 3446 2419 3534 pronis
2462 3447 2727 3511 auribus

334 3549 496 3613 haec
537 3548 782 3615 Nostra
828 3547 1165 3635 excipiatis
1209 3550 1489 3633 monita,
1539 3560 1603 3615 et
1649 3573 1725 3615 ea
1771 3548 2021 3631 omnia,
2073 3547 2157 3611 de
2202 3547 2433 3632 quibus
2481 3547 2735 3631 loquuti

333 3673 594 3732 sumus,
664 3672 856 3734 quam
916 3649 1414 3734 diligentissime
1473 3649 1873 3737 perficienda
1936 3656 2003 3712 et
2046 3647 2433 3732 exequenda
2472 3646 2729 3711 curetis».

336 3750 606 3815 Interim
637 3750 821 3814 'haud
867 3750 1216 3816 omittimus
1261 3774 1296 3813 a
1327 3750 1475 3814 Deo
1510 3750 1776 3838 Optimo
1802 3749 2091 3815 Maximo
2134 3748 2473 3812 humiliter*
2508 3748 2729 3811 enixe-

337 3871 462 3934 que
519 3872 911 3936 exposcere,
977 3860 1050 3913 ut
1103 3851 1430 3921 uberrima
1473 3872 1766 3935 quaeque
1803 3872 1962 3914 suae
2008 3849 2311 3913 bonitatis
2355 3848 2523 3913 dona
2565 3870 2727 3911 sem-

335 3970 456 4036 per
500 3948 808 4032 effundat,
849 3951 1212 4036 vestrisque
1252 3951 1680 4038 pastoralibus
1728 3950 1915 4031 curiS,
1966 3948 2249 4013 consiliis
2296 3958 2360 4012 et
2400 3947 2729 4013 laboribus

344 4050 698 4132 benedicat,
742 4072 868 4135 quo
911 4050 1306 4115 sanctissima
1344 4059 1565 4115 nostra
1607 4050 1843 4137 religio
1887 4050 2154 4134 ejusque
2194 4048 2489 4111 doctrina
2522 4048 2595 4111 in
2627 4069 2732 4111 ve-

341 4149 486 4214 stris
534 4150 962 4218 Dioecesibus
1025 4154 1269 4238 majora
1329 4152 1397 4215 in
1442 4152 1580 4216 dies
1621 4152 2021 4215 incrementa
2059 4146 2399 4235 suscipiat,
2466 4168 2543 4211 ac
2585 4168 2733 4234 pro-

338 4273 532 4338 spere
591 4251 997 4338 feliciterque
1059 4253 1300 4338 ubique
1358 4252 1581 4338 vigeat
1644 4259 1709 4315 et
1765 4250 2013 4315 floreat.
2099 4250 2321 4333 Atque
2361 4246 2731 4312 caelestium

342 4352 627 4417 omnium
672 4376 1010 4419 munerum
1054 4354 1411 4443 auspicem,
1479 4362 1544 4418 et
1584 4351 2119 4437 flagrantissimae
2162 4347 2444 4415 Nostrae
2484 4349 2555 4412 in
2594 4348 2731 4411 Vos

341 4451 620 4517 caritatis
683 4462 916 4520 testem
977 4458 1422 4545 Apostolieam
1490 4452 2029 4521 Benedictionem
2094 4473 2181 4516 ex
2242 4450 2469 4515 intimo
2540 4448 2733 4513 corde
