2959 4984
781 187 906 237 LV.
981 184 1228 237 BULLA
1262 188 1330 237 D.
1371 183 1457 237 16.
1496 186 1817 239 AUGUSTI
1854 184 2009 239 1821.
2526 188 2632 243 327

229 350 528 416 Clericus
574 369 767 433 quam
809 346 1038 413 Laicos
1084 369 1206 434 pro
1251 345 1448 413 Clero
1466 394 1487 429 ,
1557 356 1623 411 et
1665 346 1941 435 Populo,
1983 360 2301 439 perpetuo
2347 354 2630 439 assigna-

229 473 418 532 muS,
483 458 552 513 et
613 448 960 514 cuiuslibet
997 445 1326 514 Antistitis
1389 446 1818 513 iurisdictioni
1880 449 2197 537 spirituali
2256 452 2629 519 omnimodo

226 548 652 632 subiicimus,
709 547 799 613 ita
849 556 925 611 ut
983 546 1292 613 Personis
1341 546 1528 613 iuxta
1573 545 1929 615 Canonicas
1973 546 2358 617 Sanctiones
2415 553 2632 639 dignis

223 660 294 715 et
331 633 590 715 idoneis
627 648 713 715 ad
753 648 1019 713 easdem
1047 645 1697 735 Archicpiscopalem
1744 657 1810 712 et
1848 647 2273 737 Episcopales
2306 650 2630 719 Ecclesias

221 750 554 837 regendas
597 759 732 813 tam
765 771 886 835 pro
931 747 1051 812 hac
1088 746 1298 835 prima
1325 746 1489 829 vice,
1531 768 1723 831 quam
1748 748 1982 813 futuris
2010 751 2407 838 temporibus
2448 753 2629 841 Apo-

225 850 454 915 stolica
495 849 891 931 auctoritate,
937 846 1204 936 praevio
1227 845 1671 931 Inquisitionis
1694 869 2027 935 processu,
2064 872 2101 913 a
2126 848 2419 915 Romano
2458 848 2627 915 Pon-

223 940 424 1031 tifiee,
465 949 551 1013 ad
595 949 872 1015 formam
909 945 1348 1013 instructionis
1390 945 1537 1033 piae
1582 947 1935 1013 memoriae
1964 947 2218 1015 Urbani
2253 948 2470 1037 Papae
2521 972 2624 1015 oc-

225 1050 352 1114 tavi
396 1049 933 1115 Praedecessoris
975 1046 1202 1115 Nostri
1244 1047 1425 1112 iussu
1471 1046 1685 1112 editae
1724 1048 1793 1113 in
1836 1048 2112 1134 singulis
2158 1049 2407 1115 casibus
2452 1074 2623 1118 com-

231 1149 552 1215 mittendo
597 1148 1051 1239 praeficiendis
1110 1147 1304 1213 liceat
1321 1195 1342 1229 ,
1410 1148 1957 1231 quemadmodum
2014 1172 2135 1215 nos
2197 1150 2631 1241 praecipimus

225 1260 293 1314 et
332 1249 713 1315 mandamus
755 1272 876 1337 per
919 1270 989 1313 se
1035 1248 1247 1335 ipsos,
1319 1247 1426 1311 vel
1464 1268 1587 1335 per
1631 1247 1793 1315 alios
1839 1270 2065 1314 eorum
2107 1248 2411 1333 nomine,
2452 1260 2627 1339 post-

225 1372 426 1435 quam
469 1358 684 1415 tamen
726 1357 1097 1463 praesentes
1119 1346 1380 1413 Literae
1415 1345 1635 1413 debite
1680 1356 1873 1433 atque
1898 1349 2157 1435 integre
2188 1349 2433 1415 fuerint
2470 1370 2622 1415 exe·

221 1460 412 1515 cutae
435 1497 455 1532 ,
523 1460 590 1515 et
628 1449 970 1515 Praesules
1023 1448 1149 1537 ipsi
1198 1445 1625 1535 Apostolicae
1670 1447 2061 1535 provisionis
2103 1431 2356 1515 Literas
2400 1470 2621 1514 conse-

223 1550 358 1615 cuti
401 1550 680 1631 fuerint,
727 1571 986 1631 veram,
1033 1548 1314 1629 realem,
1377 1555 1444 1611 et
1487 1547 1893 1635 corporalem
1932 1548 2411 1637 possessionem
2452 1549 2625 1636 regi·

229 1647 423 1715 minis
445 1698 466 1732 ,
530 1647 1098 1713 administrationis
1120 1696 1141 1730 ,
1187 1655 1253 1711 et
1291 1645 1649 1713 omnimodi
1692 1646 1852 1713 iuris
1894 1648 2283 1715 Dioecesani
2328 1646 2399 1713 in
2438 1670 2625 1735 prae·

227 1748 422 1815 dictis
465 1747 775 1813 Ecclesiis
794 1796 814 1831 ,
857 1745 1242 1813 Civitatibus
1264 1794 1286 1829 ,
1331 1768 1407 1811 ac
1445 1746 1877 1813 Dioeccsibus
1896 1796 1919 1830 ,
1966 1758 2033 1813 et
2068 1747 2256 1813 bonis
2274 1796 2297 1831 ,
2356 1747 2630 1834 aliisque

221 1848 590 1914 redditibus
629 1870 750 1935 pro
794 1846 1122 1913 dotatione
1165 1846 1530 1933 assignatis,
1567 1847 1676 1913 vel
1719 1847 2125 1933 assignandis
2159 1846 2366 1914 libere
2394 1870 2625 1937 appre-

219 1948 540 2031 hendere,
582 1948 1184 2035 apprehensamque
1225 1955 1546 2035 perpetuo
1592 1947 1895 2013 retinere.
1977 1948 2415 2015 Decernimus
2461 1948 2621 2015 inte-

219 2070 334 2114 rea
360 2097 381 2131 ,
448 2056 523 2112 ut
564 2046 780 2113 omnia
825 2056 892 2112 et
929 2046 1188 2133 singula
1242 2047 1385 2112 loca
1444 2070 1639 2135 supra
1680 2057 2036 2113 memorata
2082 2048 2161 2113 ab
2206 2048 2442 2115 iisdem
2482 2050 2621 2115 sive

219 2147 498 2231 vicariis,
542 2148 680 2213 sive
709 2146 1334 2213 administratoribus
1355 2146 1653 2233 legitime
1684 2147 2006 2235 deputatis
2049 2150 2441 2237 temporarie
2472 2171 2621 2237 per-

215 2258 378 2335 gant
415 2248 789 2335 gubernari,
835 2248 1068 2332 quibus
1115 2256 1262 2312 actu
1305 2248 1688 2313 subduntur.

387 2346 600 2432 (XII.)
685 2346 782 2415 Ut
823 2357 1044 2413 autem
1093 2346 1343 2429 omnia,
1409 2356 1474 2411 et
1518 2346 1779 2433 singula
1818 2345 2115 2435 superius
2158 2371 2197 2411 a
2240 2344 2447 2413 Nobis
2494 2346 2619 2411 dis·

217 2448 432 2536 posita
475 2447 756 2513 celerem
795 2446 1184 2532 felicemque
1231 2446 1581 2513 sortiantur
1624 2448 1947 2529 effectum,
1985 2446 2368 2512 Venerabili
2406 2445 2620 2513 Fratri

215 2548 448 2613 Ioanni
481 2548 814 2636 Baptistae
857 2547 944 2613 de
983 2546 1217 2613 Keller
1258 2547 1585 2636 Episcopo
1628 2545 1969 2611 Evariensi
1992 2593 2013 2628 ,
2094 2568 2291 2631 quem
2329 2547 2615 2612 nomina—

217 2670 380 2731 muS,
429 2647 750 2733 eligimus,
793 2670 868 2711 ac
911 2646 1292 2733 deputamus
1339 2646 1778 2735 praesentium
1820 2646 2188 2711 Literarum
2230 2646 2620 2712 Nostrarum

220 2746 717 2833 Exequutorem
755 2746 1210 2811 committimus
1227 2795 1248 2829 ,
1299 2756 1365 2811 et
1409 2748 1821 2830 mandamus,
1860 2756 1933 2813 ut
1976 2746 2062 2811 ad
2102 2746 2619 2835 supradictarum

221 2847 682 2928 Ecclesiamm,
701 2844 1196 2934 ,Capitulorum,
1242 2854 1308 2911 et
1341 2844 1853 2913 Seminariomm
1888 2846 1959 2911 in
1996 2846 2183 2911 bonis
2202 2895 2223 2930 ,
2267 2846 2619 2933 fundisque

201 2946 583 3030 ,stabilibus,
629 2946 900 3031 aliisque
947 2945 1309 3013 redditibus
1361 2969 1506 3011 cum
1546 2946 1689 3013 iure
1736 2947 2145 3038 hypothecae
2189 2946 2508 3036 speciaIiS,
2560 2957 2627 3011 et

220 3048 288 3111 in
325 3046 568 3112 fundos
626 3045 1042 3134 postmodum
1099 3068 1175 3109 ac
1231 3047 1402 3111 bona
1461 3046 1713 3111 stabilia
1756 3046 2207 3113 convertendis
2228 3096 2249 3129 ,
2313 3049 2393 3113 ab
2432 3047 2511 3112 iis
2554 3047 2623 3111 in

221 3145 622 3235 proprietate
680 3145 1090 3235 possidendis
1109 3193 1130 3229 ,
1193 3154 1260 3211 et
1303 3146 1824 3213 administrandis
1878 3150 2307 3237 respectivam
2346 3148 2618 3214 dotatio-

221 3268 374 3312 nem
419 3246 751 3335 procedat,
793 3247 1011 3329 modo,
1061 3254 1126 3311 et
1166 3247 1409 3329 forma,
1455 3248 1687 3333 quibus
1726 3272 1765 3311 a
1808 3246 2256 3317 Serenissimis
2302 3248 2615 3338 Principi-

221 3349 358 3430 bus,
406 3368 683 3432 quorum
729 3348 848 3411 sub
895 3345 1138 3411 ditione
1179 3346 1476 3433 singulae
1499 3347 1859 3413 Dioeceses
1902 3359 2051 3415 sunt
2090 3350 2361 3438 positae,
2406 3350 2621 3416 oblata

217 3455 281 3510 et
322 3468 638 3534 expressa
693 3447 958 3511 fuerunt
1011 3467 1134 3533 per
1191 3446 1358 3511 infra
1393 3448 1815 3513 memoranda
1858 3448 2283 3515 instrumenta
2324 3449 2620 3535 legitima

219 3547 427 3613 forma
479 3556 776 3630 exarata,
837 3556 904 3611 et
943 3547 1026 3611 ad
1069 3546 1208 3613 Nos
1256 3548 1662 3633 transmissa,
1728 3572 1893 3635 quae
1953 3561 2289 3616 servantur
2347 3551 2417 3616 in
2462 3549 2617 3615 actis

217 3646 408 3711 huius
447 3644 992 3733 Congregafionis
1035 3649 1230 3713 rebus
1267 3648 1834 3717 Consistorialibus
1873 3650 2301 3739 praepositae,
2350 3658 2414 3713 et
2457 3670 2615 3733 quo-

215 3769 361 3811 rum
401 3747 770 3813 authentica
812 3748 1114 3835 exempla
1161 3771 1198 3811 a
1243 3748 1575 3835 praedicto
1609 3749 2035 3837 Exequutore
2084 3748 2357 3835 singulis
2388 3747 2611 3813 Eccle-

221 3846 328 3911 siis
372 3846 710 3913 tradentur
751 3847 821 3911 in
861 3869 1088 3915 eorum
1125 3849 1489 3936 respective
1528 3848 1839 3917 Archivis
1884 3849 2294 3919 asservanda.

387 3946 636 4031 (XIII.)
725 3947 1052 4013 Videlicet
1091 3948 1655 4038 Archiepiscopali
1701 3950 2033 4017 Ecclesiae
2082 3945 2508 4033 Friburgensi
2549 3944 2617 4010 in

219 4046 565 4133 Brisgovia
601 4047 957 4135 assignabit
997 4048 1419 4115 Dominatum
1459 4050 1854 4119 Lincensem
1872 4099 1893 4133 ,
1928 4050 2129 4135 vulgo
2172 4048 2333 4113 Linz
2354 4096 2374 4131 ,
2424 4046 2612 4113 alios-

221 4168 347 4232 que
390 4147 711 4221 redditus‚
758 4170 920 4233 quae
964 4151 1132 4214 bona
1171 4149 1595 4237 redditusque
1638 4152 1707 4217 in
1748 4159 1953 4218 totum
1984 4149 2394 4238 septuaginta
2432 4146 2613 4233 quin-

219 4269 344 4333 que
383 4247 658 4315 millium
689 4257 1050 4316 trecentum
1083 4251 1425 4337 sexaginta
1457 4263 1735 4338 quatuor
1766 4254 2162 4319 florenorum
2191 4249 2610 4316 rhenensium

217 4370 488 4415 annuam
534 4373 850 4419 summam
887 4352 1292 4441 producunt,
1352 4362 1553 4442 prout
1606 4355 1776 4420 clare
1834 4378 1910 4419 ac
1952 4355 2251 4423 distincte
2298 4352 2604 4421 describi-

2937 3446 2946 3647 —-—q—...—
2943 3360 2948 3439 -..-—-
