2959 4984
397 217 697 272 Lxxxm.
772 217 1261 274 Gouswffuno
1300 220 1403 272 DE
1441 219 2120 272 APPELLATIOMBUS
2157 222 2224 272 A,
2261 219 2422 276 1742.
2505 221 2614 280 519

204 385 471 456 Urbani
512 385 649 452 PP.
695 379 885 446 Vm.
927 380 1233 448 similiter
1275 379 1818 448 Praedecessoris
1857 379 2088 448 Nostri
2111 433 2132 468 ,
2178 384 2616 472 promulgatis

202 485 317 552 die
354 485 445 551 V.
462 481 875 572 Septembris
912 477 1367 546 MDOXXVI.
1410 501 1769 566 eorumque
1815 481 2366 550 declarationibus
2411 505 2624 574 nuper

200 583 651 674 superadditis
694 605 735 646 a
771 581 919 668 piae
957 601 1149 646 mem.
1196 579 1564 652 Benedicto
1610 579 1804 646 XIJJ.
1851 582 2050 646 etiam
2092 582 2620 654 Praedecessore

195 685 449 751 Nostro
493 685 563 749 in
593 679 990 769 Appendice
1038 676 1319 744 Concilii
1353 679 1664 762 Romani3
1709 679 1985 765 aliisque
2011 679 2419 768 Apostolicis
2447 683 2618 750 Con·

194 783 675 866 stitutionibus,
712 780 836 845 hac
884 778 967 844 de
1010 799 1084 844 re
1120 777 1283 844 alias
1323 777 1556 862 editis,
1601 788 1670 842 et
1711 779 2072 863 innovatis,
2113 790 2182 844 et
2221 785 2616 869 praesertim

196 879 671 948 Constitutioni
704 879 855 968 piae
894 898 1089 944 mem.
1130 877 1421 963 Gregori
1464 877 1617 944 XV.
1643 927 1666 962 ,
1727 899 1892 963 quae
1935 879 2168 968 incipit
2198 901 2214 942 τ
2288 881 2614 950 Inscruta-

192 983 337 1065 bili,
386 981 507 1046 sub
546 980 801 1046 Datum
854 979 1103 1044 Romae
1160 975 1338 1065 apud
1378 974 1700 1044 Sanctum
1749 977 2025 1044 Petrum
2067 979 2266 1046 Anno
2304 981 2612 1048 Incarus.-

190 1081 399 1147 tionis
436 1079 825 1150 Dominieae
867 1074 1291 1144 MDGXXII.
1332 1076 1524 1144 nonis
1571 1077 1942 1144 Februarii.

374 1183 435 1262 ξ.
478 1181 541 1246 5.
622 1179 944 1245 Districte
988 1176 1453 1268 praecipimus,
1499 1187 1566 1243 et
1603 1178 2009 1262 mandamus,
2051 1199 2138 1245 ne
2182 1179 2497 1267 deinceps
2521 1183 2608 1248 ab

185 1279 637 1366 exequutione
674 1277 1119 1344 Decretorum
1164 1276 1323 1342 dicti
1368 1275 1522 1344 Sac.
1567 1277 1850 1344 Concilii
1891 1277 2284 1364 Tridentini,
2351 1279 2421 1344 in
2466 1301 2602 1346 om·-

184 1381 391 1446 nibus
448 1379 584 1445 illis.
636 1379 866 1461 causis,
928 1387 995 1444 et
1056 1377 1339 1464 negotiis
1362 1429 1383 1463 ,
1451 1379 1522 1444 in
1567 1379 1802 1464 quibus
1841 1380 2194 1464 exequutio
2235 1380 2610 1465 hujusmodi

181 1479 541 1569 Episcopis
559 1527 580 1561 ,
636 1487 701 1542 et
742 1477 1069 1546 Locorum
1116 1475 1508 1564 Ordinariis,
1549 1476 1745 1547 etiam
1790 1478 1886 1544 uti
1931 1475 2130 1546 Sedis
2180 1480 2610 1570 Apostolicae

179 1579 563 1666 Delegatis,
602 1581 683 1644 ab
728 1579 967 1644 eodem
1010 1575 1219 1644 Sacro
1254 1577 1575 1663 concine,
1618 1579 1728 1644 vel
1777 1579 1970 1648 dictis
2000 1580 2406 1668 Apostolicis
2437 1578 2606 1647 Con-

186 1679 662 1764 stitutionibus,
704 1678 1163 1771 appellatione,
1210 1678 1321 1742 vel
1357 1678 1746 1744 inhibitione
1781 1701 2190 1766 quacumque
2218 1681 2606 1771 postposita,

194 1778 549 1846 commissa
568 1838 573 1846 .
590 1787 713 1863 est,
756 1777 1107 1866 appellatio
1150 1778 1367 1862 aliqua
1428 1779 1500 1842 in
1541 1779 2002 1846 Tribunalibus
2041 1781 2399 1870 praedictis
2445 1779 2608 1846 reci-

191 1881 439 1970 piatur,
480 1879 591 1944 vel
632 1877 1088 1963 Inhibitiones‚
1132 1875 1496 1947 Citationes
1517 1880 1890 1966 generales,
1933 1881 2044 1946 vel
2079 1881 2428 1970 speciales,
2460 1903 2612 1949 cum

192 1979 681 2050 commissione
720 1979 1003 2062 inserta,
1062 1977 1413 2045 Monitoria
1430 2029 1453 2064 ,
1516 1988 1580 2044 et
1621 1979 1750 2046 alia
1789 1981 2166 2067 hujusmodi
2185 2032 2206 2067 ,
2275 2001 2399 2070 per
2439 2002 2610 2067 quae

196 2079 531 2147 dictorum
570 2077 1013 2162 Decretorum
1068 2078 1421 2164 exequutio
1462 2078 1838 2146 retardetur
1858 2130 1880 2165 ,
1947 2090 2059 2146 aut
2099 2080 2460 2150 Processus
2523 2080 2610 2148 ad

186 2179 512 2246 ulteriora
576 2179 647 2244 in
688 2177 923 2248 eadem
980 2178 1421 2262 exequutione
1480 2179 1952 2266 suspendatur,
2029 2191 2140 2246 aut
2193 2181 2610 2270 impediatur,

192 2300 461 2366 quoquo
505 2277 701 2346 modo
745 2276 1209 2345 concedantur.

362 2382 423 2462 ξ.
454 2379 515 2444 6.
557 2379 789 2465 Itaque
830 2403 869 2445 a
913 2377 1429 2464 quibuscumque
1464 2375 1818 2462 Mandatis,
1839 2377 2414 2466 prohibitionibus,
2457 2399 2609 2466 pro-

196 2480 593 2564 visionibus,
650 2490 717 2545 et
756 2479 1013 2546 statutis
1056 2488 1188 2543 tam
1230 2478 1301 2542 in
1349 2476 1760 2562 Visitatione,
1803 2499 1998 2563 quam
2041 2486 2270 2561 extra,
2330 2501 2452 2566 pro
2489 2477 2610 2544 Di-

189 2581 345 2646 vino
394 2579 598 2648 Cultu
642 2579 1111 2664 conservande,
1170 2587 1235 2644 et
1296 2577 1642 2664 augendo,
1709 2589 1775 2644 et
1816 2579 2204 2667 praesertim
2267 2577 2446 2644 circa
2512 2587 2640 2665 ea,'

192 2703 364 2768 quae
406 2680 843 2764 observanda,
900 2688 965 2744 et
1008 2676 1313 2744 evitanda
1354 2688 1504 2742 sunt
1545 2679 1617 2742 in
1657 2679 2101 2746 celebratione
2147 2677 2422 2764 Missae,
2495 2689 2609 2746 aut

194 2783 326 2850 alio
372 2782 603 2868 quovis
665 2780 863 2846 modo
920 2779 1283 2868 respiciunt
1334 2779 1844 2864 exequutionem
1884 2779 2160 2846 Decreti
2225 2779 2377 2848 Sac.
2430 2779 2602 2850 Con·

196 2882 336 2949 cilii
380 2879 563 2948 Sess.
608 2880 713 2946 21.
754 2879 839 2946 de
894 2879 1187 2946 Reform.
1230 2901 1375 2967 cap.
1419 2879 1520 2963 8.,
1581 2889 1648 2946 et
1689 2901 1852 2948 sesS.
1899 2879 2002 2948 22.
2067 2881 2140 2948 in
2176 2881 2450 2948 Decret.
2519 2881 2603 2948 de

193 2984 457 3050 observ.
500 2991 565 3046 et
597 2982 761 3047 evit.
801 2982 871 3047 in
910 2979 1221 3046 celebrat.
1266 2979 1449 3046 Miss.

358 3084 420 3163 ἓ.
465 3083 524 3146 7.
609 3081 778 3148 Item
818 3105 859 3146 a
895 3080 1203 3146 Decretis
1250 3081 1640 3167 cogentibus
1683 3080 1980 3150 Clericos
2027 3092 2162 3149 tam
2189 3080 2602 3166 Saeculares,

184 3205 391 3272 quam
430 3180 815 3268 Regulares‚
860 3181 1059 3246 etiam
1082 3179 1463 3264 Monachos,
1493 3191 1558 3246 et
1589 3192 1952 3269 exemptos,
1993 3182 2079 3248 ad
2111 3183 2408 3272 publicas
2439 3184 2602 3251 Pro·

182 3283 551 3365 cessiones,
596 3290 858 3348 servata.
894 3291 1117 3346 tamen
1158 3282 1373 3346 forma
1419 3278 1914 3348 Constitutionis
1957 3305 2095 3349 san.
2135 3305 2332 3350 mem.
2365 3283 2472 3350 Pii
2492 3283 2600 3366 V.,

183 3405 358 3470 quae
397 3382 665 3471 incipitz
728 3379 817 3448 Et
860 3380 917 3448 si
959 3379 1508 3448 Mendicantium:
1563 3380 1770 3449 Prout
1814 3383 2012 3449 etiam
2053 3407 2092 3450 a
2131 3383 2438 3451 Decretis
2463 3433 2484 3468 ,
2530 3394 2598 3451 et

177 3482 673 3574 provisionibus
716 3502 917 3570 super
974 3481 1436 3570 praecedentia
1491 3482 1664 3548 inter
1704 3485 2030 3551 Personas
2073 3483 2596 3573 Ecclesiasticus,

181 3595 327 3649 tam
368 3579 785 3667 Saeculares,
828 3603 1021 3668 quam
1062 3581 1425 3669 Regu-lares
1468 3582 1538 3648 in
1578 3583 1830 3650 eisdem
1868 3584 2406 3653 Processionibus
2423 3635 2443 3670 ,
2488 3585 2599 3654 vel

180 3683 621 3750 associatione
672 3683 1159 3750 Defunctorum
1171 3731 1194 3766 ‚
1254 3682 1584 3752 delatione
1633 3681 1976 3752 Umbellae
2001 3735 2024 3770 ,
2067 3695 2142 3752 et
2182 3685 2557 3773 hujusmodi
2575 3710 2596 3752 ε

182 3782 477 3852 Necnon
539 3805 741 3873 super
786 3783 1241 3850 observatione
1288 3781 1732 3852 censurarum
1747 3835 1768 3870 ,
1835 3786 2032 3852 etiam
2073 3785 2590 3876 Episcopalium,

186 3894 255 3950 et
302 3881 652 3950 Festorum
690 3884 1063 3968 Dioecesis,
1095 3885 1289 3968 juxta
1328 3883 1831 3973 dispositionem
1875 3887 2172 3974 ejusdem
2199 3883 2393 3956 Sacri
2418 3885 2586 3952 Con-

186 3984 331 4050 cilii
378 4006 538 4052 sess.
585 3985 688 4054 25.
732 3983 815 4050 de
856 3985 1170 4072 Regular.
1218 4009 1361 4074 cap.
1409 3985 1510 4053 12.
1557 3996 1622 4052 et
1669 4009 1812 4076 cap.
1859 3987 1958 4052 13.

360 4085 423 4166 ἓ.
466 4085 525 4150 8.
609 4085 781 4151 Item
816 4085 888 4150 in
932 4086 1229 4152 omnibus
1269 4085 1386 4171 iis,
1450 4107 1618 4172 quae
1655 4086 1741 4152 ad
1782 4109 2009 4154 curam
2053 4084 2482 4170 Animarum,
2528 4097 2596 4152 et

190 4184 772 4253 Sacramentorum
830 4185 1455 4254 administrationem
1525 4208 1784 4273 quoquo
1852 4187 2047 4253 modo
2092 4187 2424 4276 pertinent
2447 4235 2468 4270 ,
2530 4194 2596 4255 et

187 4287 581 4378 praesertim
643 4286 955 4354 adversus
999 4285 1393 4354 Menitiones
1411 4335 1435 4370 ,
1499 4284 1825 4355 Censuras
1838 4338 1859 4373 ,
1913 4297 2025 4354 aut
2073 4287 2232 4354 alias
2273 4287 2590 4378 provisio·

189 4410 309 4458 nes
324 4439 345 4474 ,
402 4409 527 4477 per
566 4409 725 4474 quas
766 4387 1053 4457 Parochi
1076 4435 1099 4476 ,
1158 4396 1270 4456 aut
1300 4387 1413 4456 alii
1458 4387 1702 4456 Curam
1739 4387 2132 4456 Animarum
2173 4397 2586 4474 exercentes,
