2959 4984
457 311 528 364 52
995 314 1114 364 vn.
1195 313 1649 366 CAPITULARE
1690 315 2307 370 EGCLESIASTIGUM

458 475 634 540 clero
699 475 836 539 sine
892 474 1159 541 consilio
1216 477 1323 540 vel
1379 478 1608 543 litteris
1655 480 2141 568 episcoporum,
2199 483 2309 546 vel
2352 485 2823 572 metropolitani,

455 597 586 640 non
642 575 922 641 audeant
978 577 1269 662 reg-alem
1329 578 1708 664 dignitatem
1754 603 1877 666 pro
1924 581 2057 646 suis
2102 582 2309 647 causis
2356 583 2663 668 clamare,
2727 586 2823 649 sed

452 673 522 738 in
564 697 904 741 commune
951 675 1402 764 episcoporum
1447 679 1719 744 concilio
1764 702 1951 745 causa
1992 681 2129 746 eius
2172 684 2596 750 examinetur.

751 794 914 848 Conc.
949 795 1211 849 Antioch.
1259 813 1382 851 can.
1425 800 1508 850 11.
1584 797 1641 851 Si
1698 798 1821 866 quis
1869 799 2179 870 Episcopus
2203 841 2217 869 ‚
2272 802 2361 856 vel
2408 803 2707 873 Presbyter
2755 804 2825 857 vel

657 883 836 937 omnis
871 883 1094 936 omnino
1141 883 1236 952 qui
1281 890 1368 939 est
1415 885 1517 938 sub
1566 884 1943 940 ecclesiastica
1976 888 2173 956 regula
2220 889 2558 943 constitutus
2581 931 2594 958 ,
2625 895 2824 960 praeter

653 971 944 1024 consilium
980 977 1038 1026 et
1071 971 1287 1025 litteras
1322 988 1513 1025 eorum
1546 972 1955 1042 Episcoporum
1991 975 2085 1042 qui
2118 979 2250 1028 sunt
2294 976 2445 1030 intra
2482 979 2821 1046 provinciam,

655 1062 712 1114 et
747 1060 983 1112 maxime
1019 1058 1456 1128 Metropolitani,
1499 1059 1570 1113 ad
1606 1060 2009 1129 Imperatorem
2043 1065 2374 1132 perrexerit,
2412 1064 2561 1119 hunc
2600 1066 2823 1120 abdicari

654 1151 712 1200 et
747 1147 877 1200 eiici
913 1164 1027 1200 non
1064 1146 1242 1201 solum
1279 1148 1661 1202 communione
1706 1149 1927 1218 debere,
1966 1149 2063 1204 sed
2099 1167 2131 1204 a
2164 1151 2392 1220 propria
2430 1153 2701 1222 dignitate
2731 1155 2822 1222 pri·

657 1235 790 1302 vari,
827 1238 1110 1304 tamquam
1150 1235 1446 1288 molestum
1481 1239 1539 1289 et
1577 1235 1954 1305 importunum
2000 1238 2379 1307 imperialibus
2418 1241 2641 1295 auribus
2658 1283 2671 1310 ,
2716 1259 2820 1296 con·

651 1327 741 1377 tra
779 1322 1157 1376 ecclesiastica
1191 1323 1514 1377 constituta.
1583 1323 1641 1376 Si
1677 1327 1861 1377 autem
1897 1326 2198 1379 necessitas
2236 1332 2401 1396 cogat
2436 1327 2507 1381 ad
2547 1329 2821 1399 Imperato-

652 1428 772 1464 rem
814 1427 1140 1476 excurrere,
1197 1427 1322 1463 cum
1369 1411 1775 1464 deliberatione
1826 1417 1883 1466 et
1935 1413 2168 1468 consilio
2208 1415 2628 1484 Metropolitani
2676 1417 2821 1486 ipsius

653 1495 974 1565 provinciae
996 1537 1009 1563 ,
1069 1495 1336 1565 Episcopi
1385 1501 1441 1548 et
1477 1501 1826 1550 caeterorum
1878 1500 2222 1554 conscientia
2261 1500 2355 1568 qui
2396 1501 2455 1554 in
2499 1503 2688 1556 eadem
2718 1521 2820 1572 pro·

651 1584 839 1640 vincia
875 1587 1019 1651 sunt,
1054 1589 1112 1637 et
1145 1582 1369 1651 litteris,
1405 1585 1489 1638 ire
1525 1585 1769 1639 debebit·

1399 1736 1887 1794 EPISCOPIS.

621 1861 742 1926 XI.
825 1860 993 1924 Item
1045 1859 1112 1923 in
1161 1857 1394 1923 eodem
1440 1859 1709 1924 concilio
1756 1859 1947 1924 simul
1995 1869 2060 1924 et
2100 1859 2168 1924 in
2212 1857 2634 1945 Sardicense,
2691 1883 2813 1926 nec-

453 1985 587 2032 non
645 1971 710 2026 et
750 1963 817 2026 in
862 1960 1138 2026 decretis
1177 1958 1540 2024 Innocentii
1585 1983 1825 2048 papae,
1886 1969 1959 2025 ut
1997 1961 2215 2026 nullus
2260 1961 2601 2048 episcopus
2644 1961 2708 2025 in
2744 1961 2815 2024 al-

447 2062 646 2128 terius
692 2062 1030 2150 parrochia
1062 2061 1499 2125 ordinationes
1540 2061 1782 2146 aliquas
1826 2060 2061 2126 audeat
2100 2061 2382 2144 efficere,
2426 2062 2535 2126 vel
2578 2061 2813 2147 negotia

445 2184 766 2252 peragere
812 2184 974 2248 quae
1015 2163 1098 2226 ad
1143 2183 1290 2226 eum
1333 2181 1467 2226 non
1511 2162 1856 2249 pertinent.

717 2281 880 2335 Conc.
919 2280 1180 2335 Antioch.
1223 2297 1341 2334 can.
1383 2280 1468 2334 13.
1526 2279 1751 2334 Nullum
1784 2279 2193 2349 Episcoporum
2227 2280 2431 2336 debere
2470 2297 2539 2334 ex
2574 2279 2678 2333 alia
2710 2294 2813 2347 pro-

639 2369 820 2423 vincia
865 2368 934 2421 ad
976 2368 1140 2421 aliam
1170 2367 1471 2420 transitum
1507 2367 1690 2420 facere
1711 2405 1726 2431 ,
1786 2370 1845 2420 et
1886 2366 2145 2421 ordinare
2195 2368 2409 2436 aliquos
2463 2368 2520 2420 in
2554 2364 2811 2428 Ecclesiis,

639 2459 736 2509 aut
767 2455 1072 2524 provehere
1107 2454 1180 2507 ad
1215 2471 1431 2507 sacrum
1468 2454 1871 2522 ministerium3
1924 2470 2028 2507 nec
2065 2454 2201 2508 alios
2250 2454 2383 2507 illuc
2424 2471 2611 2508 secum
2649 2451 2805 2506 adtra-

637 2542 734 2595 hat
769 2541 1108 2610 Episcopos,
1164 2541 1272 2593 nisi
1307 2541 1454 2593 forte
1491 2544 1721 2609 rogatus
1756 2557 1861 2608 per
1893 2539 2113 2594 litteras
2148 2539 2380 2608 abierit,
2433 2555 2549 2594 non
2590 2540 2752 2594 solum
2781 2552 2805 2587 a

638 2627 1114 2696 MetropolitanO,
1163 2626 1262 2680 sed
1311 2626 1382 2679 ab
1417 2625 1504 2678 his
1555 2627 1651 2695 qui
1693 2644 1819 2680 cum
1867 2644 1933 2681 eo
1990 2631 2121 2680 sunt
2170 2626 2493 2696 provinciae
2527 2623 2805 2696 Episcopis.

639 2713 799 2782 Quod
837 2715 884 2768 si
919 2714 1072 2768 nullo
1108 2714 1381 2768 invitante
1416 2713 1733 2766 inordinate
1770 2714 2125 2783 superveniat
2144 2753 2157 2780 ,
2210 2719 2267 2768 et
2316 2714 2530 2782 aliquos
2566 2714 2652 2768 vel
2688 2710 2805 2765 ordi-

637 2819 771 2855 nare
809 2801 1247 2871 praesumpserit
1267 2841 1280 2867 ,
1330 2801 1417 2853 vel
1470 2800 1751 2868 quoslibet
1792 2806 1951 2855 actus
1999 2801 2081 2854 illi
2126 2799 2415 2854 Ecclesiae
2462 2801 2804 2869 competentes

637 2889 707 2942 ad
749 2906 806 2942 se
842 2889 1020 2942 minus
1056 2888 1401 2957 pertinentes
1453 2905 1727 2957 usurpare
1764 2888 2069 2942 tentaverit
2089 2929 2102 2956 ‚
2163 2906 2339 2943 vacua
2375 2888 2597 2956 quidem
2631 2892 2684 2941 et
2716 2887 2805 2938 ina-

635 2977 730 3031 nia
769 2982 933 3030 erunt
971 2976 1155 3029 omnia
1189 2991 1329 3044 quae
1365 2976 1635 3044 gesserit,
1685 2976 1805 3045 ipse
1858 2993 1991 3029 vero
2025 2975 2191 3029 huius
2227 2975 2629 3044 indisciplinati
2670 2987 2803 3026 ausus

640 3069 698 3117 et
733 3063 1128 3118 irrationabilis
1156 3063 1353 3131 ‘coepti
1391 3062 1588 3132 dignas
1637 3077 1829 3116 causas
1864 3063 2172 3132 expendat,
2227 3068 2510 3132 tamquam
2548 3059 2799 3132 depositus

640 3168 673 3203 a
711 3155 901 3204 sancta
938 3149 1147 3218 synodo
1170 3191 1204 3215 ,.
1244 3154 1300 3203 et
1335 3154 1570 3220 propter
1614 3150 1929 3204 huiusmodi
1974 3151 2484 3219 praesumptionem
2532 3151 2641 3203 iam
2674 3159 2802 3216 prae·

639 3237 948 3291 damnatus,

710 3334 873 3388 Cone.
911 3331 1067 3386 Sard.
1107 3348 1226 3385 can.
1267 3333 1350 3386 18.
1395 3331 1681 3385 Ianuarius
1715 3331 2025 3401 Episcopus
2064 3331 2235 3386 dixit:
2289 3331 2434 3384 Illud
2472 3347 2684 3400 quoque
2714 3330 2799 3380 sta·

636 3423 761 3472 tuat
798 3419 1062 3472 sanctitas
1099 3422 1316 3485 vestra,
1375 3422 1439 3471 ut
1492 3418 1629 3471 nulli
1663 3419 1833 3472 liceat
1867 3418 2148 3487 Episcopo
2192 3418 2423 3472 alterius
2458 3411 2715 3488 Episcopi
2743 3411 2798 3466 ci-

632 3507 824 3560 vitatis
863 3507 1177 3560 ministrum
1214 3505 1653 3560 ecclesiasticum
1688 3505 2020 3573 sollicitare,
2071 3511 2128 3559 et
2176 3505 2237 3558 in
2274 3505 2385 3560 suis
2422 3504 2693 3575 parochiis
2727 3517 2793 3554 or-

635 3593 845 3647 dinare.
915 3591 1170 3648 Universi
1221 3592 1507 3646 dixerunt:
1561 3592 1779 3660 Placet3
1830 3593 1961 3661 quia
2015 3610 2084 3646 ex
2130 3593 2215 3646 his
2253 3593 2652 3647 intentionibus
2686 3588 2795 3642 solet

635 3682 788 3736 nasci
825 3681 1118 3736 discordia.
1183 3680 1259 3734 Et
1295 3680 1421 3735 ideo
1459 3680 1719 3750 prohibet
1751 3681 1996 3734 omnium
2033 3680 2311 3734 sententia
2346 3698 2417 3733 ne
2452 3681 2575 3748 quis
2610 3679 2707 3732 hoc
2736 3674 2794 3728 fa-

639 3788 763 3824 cere
802 3771 1019 3825 audeat.
2859 3767 2860 3772 ¹

706 3867 993 3922 Innocent.
1032 3866 1214 3935 Epist.
1252 3867 1302 3921 7.
1351 3864 1710 3922 Innocentius
1746 3865 2074 3920 Florentino
2108 3864 2393 3933 Episcopo
2430 3855 2793 3916 Tiburtinensi.

633 3953 758 4008 Non
803 3955 971 4008 semel
1023 3955 1120 4008 sed
1170 3955 1501 4022 aliquotiens
1554 3955 1758 4007 clamat
1800 3952 2077 4020 scriptura
2134 3951 2321 4004 divina
2370 3949 2661 4004 transferri
2706 3959 2793 3999 non
2859 3971 2860 3976 =

633 4045 893 4111 oportere
931 4043 1198 4096 terminos
1235 4060 1268 4095 a
1299 4043 1554 4112 patribus
1604 4041 1968 4094 constitutos:
2025 4040 2153 4110 quia
2200 4038 2357 4092 nefas
2414 4042 2533 4106 est,
2600 4038 2646 4091 si
2678 4029 2794 4103 quod
2859 4065 2860 4110 j

636 4130 778 4183 alter
814 4147 1031 4199 semper
1065 4129 1396 4199 possederit,
1435 4130 1581 4183 alter
1620 4128 1865 4182 invadat.
1921 4127 2080 4193 Quod
2114 4132 2269 4180 tuam
2310 4125 2622 4179 bonitatem
2652 4123 2793 4178 frater

633 4223 692 4273 et
725 4219 1088 4289 coepiscopus
1121 4222 1317 4272 noster
1355 4216 1529 4271 Ursus
1568 4216 1778 4268 adserit
1813 4218 2184 4284 perpetrasse.
2238 4213 2381 4269 Nam
2416 4212 2788 4268 Nomentanam
2859 4253 2860 4292 ᾗ

632 4307 746 4360 sive
781 4305 1138 4362 Filiciensem
1183 4304 1503 4375 parochiam
1557 4303 1628 4356 ad
1678 4319 1832 4356 suam
1877 4301 2175 4356 dioecesim
2223 4317 2257 4354 a
2316 4299 2620 4354 maioribus
2657 4292 2792 4367 perti·
2859 4299 2860 4310 ³

631 4399 869 4462 nentem,
903 4394 1172 4447 invasisse
1214 4397 1270 4445 te
1287 4431 1300 4457 ,
1353 4395 1520 4460 atque
1557 4391 1673 4445 illic
1721 4389 1908 4444 divina
1958 4389 2267 4444 celebrasse
2320 4389 2589 4458 mysteria
2637 4388 2791 4440 incon-

632 4481 777 4536 sulto
818 4480 1013 4535 eodem
1049 4497 1115 4533 ac
1153 4477 1455 4544 nesciente,
1494 4493 1607 4530 non
1642 4477 1758 4530 sine
1798 4477 1992 4532 dolore
2033 4480 2369 4546 conquestus
2405 4480 2513 4530 est.
2585 4470 2727 4542 Quod
2756 4466 2790 4518 si
