2959 4984
397 256 504 309 374
625 252 818 307 val.
891 248 1134 307 Bonna
1181 254 1759 308 GONVEN'UONEM
1802 252 2269 307 commanus
2307 254 2373 305 A.
2412 250 2565 307 1857>-

401 423 614 491 studio
657 444 883 489 eorum
927 444 1154 489 omnes
1195 421 1623 510 cogitationes
1663 428 1733 487 et
1776 444 1961 487 curas
1998 420 2259 487 assidue
2304 420 2665 502 conferant,
2720 428 2790 483 ut

399 524 753 591 catholicae
789 522 1122 589 doctrinae
1167 523 1453 613 puritas,
1514 531 1580 590 et
1624 522 1824 587 divini
1864 522 2075 589 cultus
2112 521 2319 604 nitor,
2390 529 2459 585 et
2498 520 2787 587 ecclesia-

403 623 600 693 sticae
643 622 1023 711 disciplinae
1073 623 1422 713 splendor,
1481 632 1551 689 et
1588 622 1921 689 Ecclesiae
1962 622 2189 708 legum
2232 620 2675 704 observantia,
2720 646 2791 685 ac

401 748 650 791 morum
687 724 1012 807 honestas,
1057 733 1124 790 et
1171 722 1559 791 christianae
1586 721 1847 811 pietatis
1892 744 1968 787 ac
1995 720 2255 787 virtutis
2288 742 2471 789 amor
2511 730 2579 787 et
2604 744 2795 811 opera

395 824 466 889 in
502 824 734 891 eodem
781 823 1016 911 Regno
1057 824 1350 909 quotidie
1399 824 1610 909 magis
1646 823 2039 908 refulgeant.

561 926 1016 993 Dece-ruentes
1045 924 1308 991 easdem
1355 933 1739 1013 praesentes
1764 922 2045 990 Litteras
2091 922 2275 989 nullo
2311 944 2599 1008 unquam
2642 931 2795 989 tem-

394 1048 555 1117 pore
601 1026 686 1091 de
727 1024 1160 1115 subreptionis
1209 1034 1276 1090 et
1321 1023 1725 1113 obreptionis
1778 1031 1891 1089 aut
1946 1021 2263 1092 nullitatis
2330 1022 2487 1088 vitio
2554 1024 2667 1089 vel
2706 1023 2795 1089 in-

399 1125 702 1193 tentionis
745 1126 1026 1193 Nostrae
1063 1135 1174 1193 aut
1215 1125 1342 1193 alio
1391 1148 1803 1212 quocumque
1816 1172 1838 1208 ,
1882 1124 2173 1211 quamvis
2218 1149 2457 1213 magne
2472 1174 2495 1209 ,
2550 1135 2663 1191 aut
2702 1126 2793 1191 in-

404 1225 774 1313 excogitato
825 1226 1080 1293 defectu
1127 1226 1355 1310 notari,
1401 1235 1515 1293 aut
1550 1226 1923 1315 impugnari
1967 1248 2187 1315 posse,
2228 1224 2347 1293 sed
2392 1248 2661 1315 semper
2694 1227 2797 1291 fir-

403 1352 558 1410 mas,
599 1326 846 1393 validas
891 1336 958 1393 et
1001 1326 1298 1393 efficaces
1343 1327 1629 1393 existere
1674 1336 1740 1393 et
1780 1328 1922 1395 fore
1942 1376 1965 1409 ,
2034 1348 2315 1413 suosque
2357 1327 2695 1417 plenarios
2736 1336 2799 1391 et

397 1428 691 1513 integros
739 1428 1010 1493 effectus
1053 1426 1268 1493 sortiri
1317 1436 1386 1493 et
1425 1426 1722 1493 obtinere
1747 1476 1769 1510 ‚
1838 1436 1905 1491 et
1962 1425 2425 1494 inviolabiliter
2472 1427 2799 1493 observaii

402 1528 664 1611 debere,
707 1548 1042 1613 quousque
1089 1526 1491 1593 conditiones
1536 1534 1601 1591 et
1644 1536 1831 1615 pacta
1872 1527 1941 1593 in
1960 1526 2263 1593 Tractatu
2306 1548 2627 1615 expressa
2668 1549 2793 1594 ser-

396 1636 650 1693 ventur.
691 1626 846 1695 Non
889 1627 1288 1693 obstantibus
1329 1624 1731 1715 Apostolicis
1775 1636 1842 1691 et
1880 1624 2322 1713 Synodalibus
2340 1676 2360 1710 ,
2418 1626 2787 1697 Provincia-

395 1727 562 1793 libus
607 1735 674 1791 et
711 1726 1206 1793 Universalibus
1251 1726 1560 1793 Conciliis
1610 1726 1800 1792 editis
1842 1726 2259 1813 generalibus
2306 1724 2797 1801 Constitutioni-

399 1828 520 1891 bus
587 1835 654 1891 et
699 1824 1270 1909 Ordinationibus,
1340 1848 1416 1891 ac
1455 1825 1717 1893 Nostris
1780 1836 1847 1890 et
1890 1825 2333 1893 Cancellariae
2376 1822 2797 1915 Apostolicae

403 1926 674 2012 regulis,
719 1924 1104 2014 praesertim
1143 1926 1227 1991 de
1266 1926 1419 2013 jure
1459 1926 1749 2013 quaesito
1790 1950 1925 1994 non
1954 1926 2268 2009 tollendo,
2310 1947 2434 1991 nec
2472 1950 2611 1992 non
2652 1950 2797 2013 qua-

400 2048 825 2111 rumcumque
869 2025 1327 2109 Ecclesiamm,
1375 2024 1823 2115 capitulorum
1850 2073 1871 2109 ,
1912 2024 2319 2110 aliorumque
2363 2024 2643 2093 Piorum
2682 2028 2797 2093 Lo·

401 2148 622 2193 corum
665 2126 1170 2211 fundationibuS,
1211 2126 1401 2193 etiam
1445 2125 1933 2193 confirmatione
1972 2126 2374 2214 Apostolica,
2420 2127 2533 2191 vel
2570 2126 2797 2213 quavis

399 2227 701 2294 firmitate
743 2226 868 2291 alia
907 2225 1224 2293 roboratis
1251 2276 1272 2309 ‚
1331 2226 1699 2315 privilegiis
1740 2248 1999 2313 quoque
2021 2273 2042 2309 ,
2097 2226 2379 2293 Induitis
2420 2235 2491 2293 et
2530 2226 2791 2295 Litteris

395 2326 795 2416 Apostolicis
837 2327 906 2393 in
949 2327 1334 2395 contrarium
1380 2326 1873 2413 quomodolibet
1914 2326 2253 2409 concessis,
2296 2327 2697 2395 confirmatis
2734 2336 2795 2391 et

397 2427 736 2511 innovatis,
779 2428 1144 2513 ceterisque
1187 2427 1525 2493 contrariis
1566 2427 2096 2513 quibuscumque.
2189 2428 2465 2514 Quibus,
2496 2428 2793 2496 omnibus

401 2536 468 2593 et
507 2528 802 2615 singuIiS,
843 2528 1108 2593 illorum
1155 2536 1415 2595 tenores
1459 2551 1585 2615 pro
1626 2527 1957 2617 expressis
2000 2537 2069 2593 et
2107 2526 2191 2595 ad
2229 2529 2505 2593 verbum
2544 2526 2802 2595 insertis

396 2628 709 2693 habentes
727 2677 747 2711 ,
801 2628 932 2693 iuis
973 2628 1130 2695 alias
1173 2628 1244 2693 in
1289 2651 1406 2693 suo
1451 2630 1691 2694 robore
1736 2649 2123 2719 permansur
2124 2627 2221 2709 ie,
2284 2627 2367 2691 ad
2408 2628 2795 2715 praemisso-

397 2751 540 2793 rum
586 2729 888 2793 effectum
939 2728 1295 2811 dumtaxat,
1333 2728 1703 2817 specialiter
1750 2737 1817 2796 et
1858 2748 2168 2815 expresse
2213 2727 2637 2821 derogamus.

560 2827 832 2891 Praeter
835 2850 912 2893 ea
955 2828 1102 2912 quia
1145 2828 1412 2895 difficile
1442 2829 1615 2895 foret
1654 2838 2031 2918 praesentes
2068 2827 2347 2918 Litteras
2390 2812 2474 2895 ad
2524 2829 2797 2919 singula,

398 2928 468 2991 in
513 2926 744 3011 quibus
789 2927 872 2992 de
921 2926 1018 2992 eis
1057 2928 1242 2993 fides
1269 2929 1567 2996 facienda
1602 2930 1819 3015 fuerit,
1864 2932 2007 2998 loca
2052 2912 2317 3013 deferri,
2362 2930 2599 2998 eadem
2622 2931 2793 3017 Apo·

402 3026 628 3093 stolica
677 3026 1082 3094 Auctoritate
1145 3028 1552 3097 decernimus
1616 3041 1683 3095 et
1724 3031 2135 3113 mandamuS,
2182 3040 2257 3095 ut
2314 3051 2539 3095 earum
2601 3040 2793 3099 trans·

401 3125 671 3213 sumptis
715 3126 906 3193 etiam
947 3126 1302 3219 impressis,
1347 3152 1544 3195 manu⁴
1582 3140 1799 3197 tamen
1839 3131 2081 3219 publici
2116 3130 2370 3197 Notarii
2402 3128 2797 3218 subscriptiS,

402 3235 468 3293 et
509 3226 728 3314 sigillo
768 3228 1039 3315 alicujus
1085 3252 1402 3317 personae
1451 3231 1523 3297 in
1583 3231 2015 3297 ecclesiastica
2058 3231 2373 3319 dignitate
2420 3230 2795 3297 constitutae

400 3327 700 3410 munitis,
743 3328 940 3415 plena
983 3330 1222 3417 ubique
1263 3331 1430 3397 fides
1471 3330 1857 3397 adhibeatur
1876 3380 1897 3415 ,
1966 3332 2241 3421 perinde
2280 3356 2357 3397 ac
2400 3331 2457 3396 si
2490 3352 2789 3420 praesen·

400 3437 498 3493 tes
539 3428 826 3493 Litterae
869 3428 1084 3495 forent
1127 3431 1453 3497 exhibitae
1514 3432 1623 3497 vel
1668 3441 1985 3499 ostensae.
2076 3432 2165 3499 Et
2221 3432 2491 3521 insuper
2534 3431 2796 3516 ,irritum

407 3552 664 3615 quoque
711 3539 776 3595 et
815 3528 1006 3595 inane
1055 3531 1460 3598 decernimus
1508 3534 1563 3598 si
1589 3554 1791 3601 secus
1834 3555 2031 3623 super
2057 3534 2158 3627 his
2202 3558 2243 3599 a
2282 3556 2609 3624 quoquam
2650 3555 2793 3619 qua-

405 3630 502 3695 vis
549 3630 928 3698 auctoritate
973 3632 1249 3697 scienter
1292 3634 1400 3697 vel
1441 3633 1827 3721 ignoranter
1872 3632 2218 3719 contigerit
2256 3630 2575 3699 attentari.

571 3731 754 3797 Nulli
799 3753 960 3817 ergo
1012 3732 1271 3799 omnino
1313 3732 1647 3799 hominum
1706 3734 1901 3799 liceat
1952 3734 2118 3799 hanc
2174 3733 2483 3825 paginam
2520 3732 2795 3799 Nostrae

400 3830 830 3897 concessionis
849 3879 868 3914 ,
913 3831 1428 3920 adprobationiS,
1470 3832 1934 3915 ratificationis,
1979 3832 2483 3921 acceptationis„
2526 3829 2791 3921 premis-

400 3931 620 4015 sionis,
665 3930 1052 4020 sponsionis,
1093 3932 1509 4017 monitionis,
1544 3933 1923 4001 hortationis
1942 3982 1961 4017 ,
2001 3931 2290 4016 decreti,
2338 3928 2793 4019 derogationiS‚

405 4031 663 4116 statuti,
722 4032 1041 4116 mandati,
1097 4031 1448 4098 voluntatis
1511 4033 1913 4120 infringere,
1972 4034 2082 4103 vel
2144 4030 2206 4099 ei
2248 4056 2409 4099 ausu
2456 4028 2792 4098 temerario

403 4134 740 4198 contraire.
827 4132 928 4199 Si
949 4132 1088 4219 quis
1133 4142 1348 4200 autem
1390 4134 1519 4201 hoc
1555 4143 1869 4201 attentare
1911 4132 2455 4223 praesumpserit,
2470 4132 2785 4224 indigna

407 4230 651 4309 tionem
696 4230 1178 4321 Omnipotentis
1218 4232 1382 4317 Dei,
1445 4258 1522 4301 ac
1561 4234 1913 4301 Beatorum
1958 4234 2144 4301 Petri
2185 4244 2251 4303 et
2288 4218 2477 4302 Pauli
2518 4233 2793 4379 Aposto-

399 4331 612 4403 lorum
651 4331 808 4418 Ejus
851 4354 920 4398 se
960 4334 1216 4400 noverit
1254 4334 1684 4407 incursurum.
2326 4372 2337 4381 -

569 4430 810 4495 Datum
873 4430 1202 4499 Bononiae
1254 4456 1420 4501 anno
1490 4412 1955 4513 Incarnationis
2003 4431 2433 4505 Dominicae
2450 4431 2791 4502 Millesimo
