2959 4984
474 295 625 344 XXI.
704 293 901 342 ORDO
936 291 1399 344 CELEBRANDI
1437 292 1844 346 GENERALIS
1885 295 2225 347 CONOILII.
2477 299 2579 352 119

164 460 675 538 advertendum,
724 459 898 547 quod
944 460 1153 540 locus,
1211 459 1328 522 ubi
1366 459 1546 523 sedet
1599 457 2002 546 Imperator,
2067 486 2196 528 non
2239 466 2328 526 sit
2372 463 2574 528 altior

164 564 309 626 loco
331 609 351 640 ,
416 560 536 624 ubi
572 573 744 624 tenet
776 560 983 645 pedes
1028 557 1375 644 Pontzfeae-
1471 557 1548 626 Si
1590 582 1746 625 vcro
1793 562 2014 647 Reges
2060 562 2366 628 adessent
2407 586 2570 628 unus

159 664 271 727 vel
336 663 469 726 duo
491 711 512 745 ,
571 669 883 748 parentur
926 659 1119 725 sedes
1160 682 1280 748 pro
1326 660 1421 724 eis
1468 683 1615 726 cum
1657 663 2016 749 postergali
2055 683 2262 747 usque
2302 664 2386 728 ad
2427 687 2568 751 spa·
2605 687 2616 698 ·

162 764 331 828 tulas
348 811 369 845 ,
435 771 503 827 et
546 761 928 828 ordinentur
978 769 1053 824 ut
1107 783 1365 824 scamna
1411 759 1855 827 Cardinali'um
1887 811 1906 844 ‚
1974 763 2302 828 habebunt
2358 772 2574 828 tamen

161 863 532 952 pulvinaria
574 885 659 926 ex
706 861 1065 926 cramesino
1082 909 1101 944 ,
1174 869 1241 925 et
1286 861 1637 926 scabellum
1681 861 1892 926 viride
1937 861 2076 927 sine
2119 863 2430 948 gradibus
2444 912 2463 945 ‚
2505 872 2572 926 et

160 973 497 1052 ponentur
550 963 701 1054 {zinc
744 963 899 1026 inde
963 984 1095 1026 non
1158 962 1249 1026 ad
1302 963 1540 1026 lineam
1603 964 1862 1026 omnino
1905 963 2079 1027 sedis
2127 961 2398 1048 Papae,
2457 964 2576 1028 sed

166 1065 649 1152 aliquantulum
698 1076 1107 1128 transversae
1127 1109 1147 1142 ,
1206 1075 1279 1126 ut
1316 1066 1572 1147 possint
1613 1065 1940 1149 respicere
1981 1063 2072 1128 ad
2093 1061 2348 1148 faciem
2395 1062 2570 1127 Pon-

168 1166 362 1249 tifici-3
407 1188 453 1229 a
494 1165 767 1243 dextris,
818 1162 1053 1227 deinde
1088 1175 1151 1226 et
1193 1187 1235 1227 a
1274 1165 1566 1227 sinistri-s
1613 1166 1792 1228 intra
1831 1164 2082 1251 yradws
2125 1163 2300 1227 sedis
2347 1162 2568 1249 Papa-

169 1267 270 1329 lis.
358 1265 491 1330 Per
536 1262 1015 1350 longitudinem
1073 1262 1201 1328 loci
1266 1271 1456 1328 erunt
1499 1286 1757 1330 scamna
1813 1286 1934 1352 pro
1997 1262 2448 1344 Cardinalibus
2506 1273 2572 1328 ct

166 1365 485 1432 Praelatis
532 1387 675 1430 cum
715 1363 1094 1452 postergali,
1140 1372 1207 1427 et
1249 1363 1439 1428 unico
1484 1363 1717 1449 gradu,
1763 1363 2192 1450 longitudinis
2237 1372 2380 1428 octo
2423 1387 2565 1430 can-

170 1489 401 1531 narum
424 1514 443 1547 ‚
496 1465 606 1530 vel
650 1465 847 1546 eirca,
906 1463 1025 1528 sed
1068 1463 1285 1528 media
1338 1487 1485 1550 pars
1515 1489 1572 1532 ra
1615 1464 1864 1530 dextris
1875 1514 1895 1547 ,
1949 1487 2068 1553 pro
2113 1463 2452 1553 Episcopis
2499 1473 2564 1530 et

165 1565 589 1652 Presbyteris
603 1614 623 1647 ,
684 1573 750 1627 et
789 1563 917 1628 alia
953 1551 1103 1651 pars
1160 1587 1197 1626 a
1238 1564 1512 1628 sinistris
1575 1587 1694 1652 pro
1739 1565 2048 1630 Diaconis
2095 1563 2566 1648 CardinalibUS,

171 1667 301 1732 crit
344 1665 742 1750 aliquantulo
788 1663 1190 1746 eminentior,
1236 1663 1546 1730 videlicet
1583 1675 1878 1750 quatuor,
1922 1675 2032 1730 aut
2075 1665 2358 1750 quinque
2405 1665 2567 1752 digi-

170 1778 391 1833 torum
437 1765 795 1848 altitudine,
840 1763 1317 1852 pulchrioribus
1342 1766 1570 1854 pannis
1615 1775 1854 1830 ornata.
1911 1766 2070 1830 Post
2099 1790 2357 1832 scamna
2379 1788 2566 1854 prae-

167 1867 347 1932 dicta
383 1867 456 1930 in
497 1875 935 1930 transversum
978 1874 1126 1929 ante
1166 1865 1401 1930 faciem
1444 1865 1780 1931 Pontifieis
1825 1866 1906 1930 ad
1953 1866 2196 1932 lineam
2240 1867 2569 1953 erigantur

168 1976 453 2052 quatuor
500 1966 693 2032 sedes
735 1964 1209 2030 Patriarchales
1272 1965 1610 2030 distinctae
1658 1976 1722 2031 et
1761 1976 2096 2055 separatae
2139 1968 2270 2033 suis
2314 1977 2564 2056 poster-

168 2069 455 2154 galibuS,
500 2077 567 2131 et
604 2065 917 2152 gradibus
958 2064 1041 2129 ad
1084 2065 1574 2130 similitudinem
1614 2089 2022 2132 scamnorum
2065 2069 2566 2156 praedictorum,

174 2175 243 2233 et
297 2168 701 2233 collo-centur
744 2165 1007 2253 paribus
1050 2165 1440 2230 intervallis:
1500 2167 1588 2231 ita
1643 2176 1718 2230 ut
1761 2168 2215 2253 quadraturam
2257 2169 2568 2234 facientes

167 2270 413 2334 lineam
457 2266 955 2332 transversalcm
994 2265 1336 2352 impleant,
1412 2276 1477 2331 et
1513 2267 1686 2332 inter
1733 2267 1888 2332 duas
1935 2268 2180 2333 medias
2222 2271 2344 2333 erit
2384 2269 2566 2353 quasi

162 2371 360 2434 ianua
376 2418 397 2452 ,
460 2377 533 2432 ut
570 2367 782 2432 aditus
824 2365 909 2430 ad
952 2365 1143 2430 sedes
1184 2367 1431 2453 primae
1478 2367 1925 2451 quadraturae.
2008 2367 2188 2434 Intra
2229 2368 2397 2432 hanc
2437 2368 2566 2454 pri-

177 2493 359 2535 mam
406 2467 862 2553 quadraturam
904 2467 1066 2530 fient
1108 2466 1333 2557 sedilia
1371 2465 1719 2532 humiliora
1761 2467 1902 2532 sine
1943 2467 2254 2552 gradibus
2262 2515 2283 2549 ,
2330 2476 2395 2530 et
2433 2467 2572 2532 sine

166 2564 534 2658 postergali
588 2589 709 2656 per
748 2566 1229 2652 longitudinem
1288 2589 1437 2632 cum
1493 2576 1862 2632 transversa
1915 2589 2124 2652 usquc
2165 2567 2247 2630 ad
2289 2566 2534 2631 aditum
2554 2591 2596 2632 :·

152 2670 285 2755 ·qui
334 2669 533 2733 debet
574 2667 859 2753 relinqui
900 2667 1237 2732 latitudine
1282 2667 1471 2733 unius
1517 2689 1756 2732 cannae
1809 2669 1918 2732 vel
1963 2668 2146 2733 circa.
2231 2667 2391 2731 Post
2437 2667 2565 2754 pri-

66 2853 73 2860 ,
164 2793 342 2835 mam
388 2768 839 2857 quadraturam
881 2766 1041 2832 fient
1084 2777 1149 2832 et
1192 2768 1317 2832 alia
1354 2792 1610 2834 scamna
1650 2778 1800 2857 post
1844 2769 2062 2856 priora
2101 2767 2391 2832 ciusdem
2426 2767 2564 2832 fere

160 2869 527 2936 altitudinis
566 2867 703 2934 sine
744 2869 1098 2957 postergali
1146 2877 1383 2952 tamen,
1426 2891 1590 2954 quae
1634 2869 2142 2957 complectantur
2187 2876 2336 2955 post
2371 2868 2566 2932 etiam

162 2970 679 3059 patriarcharum
722 2968 955 3052 sedes,
1024 2970 1252 3036 relicto
1299 2972 1504 3060 spatio
1549 2994 1669 3060 pro
1713 2972 1924 3055 aditu,
1986 2979 2052 3036 ct
2091 2971 2245 3035 item
2293 2970 2344 3033 si
2383 2969 2566 3033 locus

170 3072 301 3136 erit
338 3094 564 3160 capax,
609 3071 721 3134 fiat
764 3070 925 3135 alius
972 3072 1131 3137 ordo
1178 3071 1478 3136 sedilium
1519 3081 1668 3160 post
1710 3072 2098 3154 secundum,
2145 3081 2210 3135 et
2249 3080 2362 3154 tot,
2409 3079 2568 3155 quot

161 3173 292 3238 loci
328 3171 709 3260 amplitudO,
754 3181 819 3236 et
859 3173 1308 3239 Praelatorum
1350 3196 1658 3238 numerus
1705 3172 1945 3260 exigit:
2013 3171 2325 3258 Erigatur
2368 3170 2563 3234 etiam

170 3275 239 3339 in
285 3273 459 3340 dicto
506 3282 826 3338 conventu
866 3273 1096 3338 Altare
1154 3273 1421 3358 aliquod
1465 3296 1611 3338 011111
1656 3271 1864 3340 Cruce
1887 3322 1907 3355 ,
1980 3281 2044 3338 et
2089 3295 2264 3336 sacra
2305 3271 2556 3336 Eucha-

160 3374 369 3458 ristia,
415 3373 553 3439 sive
595 3373 887 3460 reliquiis
916 3371 1305 3440 Sanctorum
1346 3374 1415 3438 in
1456 3374 1600 3439 loco
1636 3396 1966 3460 congruo:
2011 3373 2124 3438 ubi
2157 3372 2366 3462 possit
2390 3371 2560 3437 Pon-

162 3476 333 3542 tifex
382 3496 571 3540 orare
616 3497 761 3539 cum
806 3475 985 3538 venit
1042 3475 1126 3538 ad
1176 3473 1539 3540 Concilium
1568 3523 1587 3557 ,
1655 3484 1718 3539 et
1775 3497 1920 3540 cum
1974 3474 2128 3539 dicit
2173 3495 2399 3562 preces
2440 3494 2561 3560 pro

80 3651 87 3655 ,
166 3575 447 3663 synode,
490 3574 647 3640 111110
684 3575 917 3642 faciem
958 3584 1357 3640 convertere.

344 3677 427 3744 Si
464 3688 678 3744 autem
720 3677 901 3766 Papa
946 3699 1077 3742 non
1123 3677 1246 3741 erit
1286 3677 1542 3741 futurus
1584 3675 1653 3740 in
1700 3674 2026 3758 Concih‘O,
2086 3681 2394 3762 poterunt
2435 3695 2567 3736 sca—

164 3803 321 3846 mna
386 3779 715 3868 praedicta
758 3777 904 3844 fieri
968 3777 1144 3865 apud
1186 3775 1419 3842 Altare
1482 3776 1688 3842 maius
1745 3777 1882 3840 sine
1947 3774 2103 3840 sede
2129 3771 2396 3863 „Papalt
2481 3771 2567 3836 Et

160 3881 551 3970 praesidens
596 3879 909 3962 Concilii,
969 3878 1149 3956 finita
1191 3876 1425 3962 missa,
1491 3886 1750 3966 paratus
1817 3876 2014 3942 sacris
2055 3873 2344 3938 vestibus
2391 3894 2465 3935 ac
2505 3871 2558 3934 si

164 3990 342 4046 esset
387 3980 826 4051 celebraturus
872 3979 1126 4044 sedebit
1165 3979 1234 4043 in
1277 3977 1658 4062 faldistoriO,
1697 3977 1908 4066 posito
1947 3984 2094 4072 ante
2121 3974 2374 4054 Altare,
2415 3993 2559 4036 ver-

158 4091 307 4148 tens
352 4101 549 4146 renes
594 4079 720 4169 ipsi
760 4079 998 4145 Altari.

1182 4211 1395 4301 Caput
1434 4213 1558 4278 III.

504 4325 635 4405 Qui
668 4325 903 4391 habent
943 4350 1160 4392 vocem
1201 4327 1694 4392 deliberativam
1735 4329 1805 4389 in
1859 4323 2196 4390 Conciliis.

328 4463 413 4528 In
462 4458 772 4529 Conciliis
816 4469 1030 4528 autem
1088 4461 1217 4527 illis
1262 4459 1648 4526 venerandis
1691 4482 1768 4524 ac
1807 4461 2262 4545 sacrosanctis,
2325 4461 2556 4546 quibus
