2959 4984
623 312 690 368 V.
769 309 1166 368 OONGILIUM
1201 311 1695 366 GERMANICUM
1732 311 1800 368 A.
1840 313 1963 370 ⁷42.
2423 317 2493 374 19

89 479 530 563 unusquisque
564 478 930 566 praefectus
961 501 1160 544 unum
1187 477 1643 565 presbiterum,
1688 479 1797 564 qui
1824 477 2193 546 hominibus
2222 487 2489 567 peccata

89 576 540 642 confitentibus
613 577 900 642 iudicare
947 588 1013 642 et
1057 578 1344 644 indicare
1388 578 1853 664 poenitentiam
1898 579 2121 668 possit.
2208 577 2485 646 Necnon

89 687 147 740 et
183 678 326 742 illas
369 678 758 744 venationes
804 685 870 742 et
911 677 1230 742 silvaticas
1270 677 1649 763 vagationes
1692 701 1835 744 cum
1880 678 2141 744 canibus
2188 678 2485 746 omnibus

83 779 274 844 servis
301 777 439 844 Dei
497 775 976 842 interdiximus.
1023 775 1340 844 Similiter
1380 787 1451 842 ut
1486 787 1861 866 acceptores
1896 787 1963 844 et
1992 779 2315 844 walcones
2357 801 2487 844 non

87 879 374 944 habeant.
2176 883 2185 890 ’

235 978 362 1044 ΠΙ.
449 977 886 1043 Decrevimus
927 996 1184 1061 quoque
1223 977 1404 1042 iuxta
1441 987 1810 1042 sanctorum
1844 999 2141 1061 canoneS,
2184 987 2257 1044 ut
2282 1002 2477 1046 unus·

85 1079 346 1163 quisque
403 1078 742 1164 presbiter
798 1077 868 1140 in
918 1077 1258 1142 barrochia
1311 1077 1605 1144 habitans
1666 1079 1975 1166 episcopo
2032 1079 2357 1145 subiectus
2404 1081 2487 1146 sit

80 1178 166 1242 illi
202 1179 271 1244 in
309 1177 500 1244 cuius
533 1176 870 1243 barrochia
897 1176 1181 1259 habitet3
1231 1187 1296 1242 et
1325 1199 1586 1266 semper
1626 1179 1693 1242 in
1747 1180 2258 1266 quadragissima
2292 1181 2482 1246 ratio-

85 1299 226 1342 nem
285 1287 355 1342 et
397 1277 706 1344 ordinem
746 1276 1087 1342 ministerii
1124 1277 1261 1361 sui,
1324 1279 1462 1342 sive
1509 1277 1591 1344 de
1631 1279 1987 1364 babtismo,
2046 1279 2179 1346 sive
2222 1280 2305 1345 de
2350 1279 2483 1344 fide

86 1377 386 1442 catholica
405 1428 427 1462 ,
497 1378 620 1442 sivi
665 1377 747 1441 de
790 1377 1089 1465 precibus
1135 1386 1201 1442 et
1242 1377 1467 1445 ordine
1514 1379 1855 1445 missarum
1898 1380 2203 1469 episcopo
2246 1377 2481 1444 reddat

84 1486 142 1540 et
180 1477 506 1543 ostendat.
549 1477 636 1542 Et
671 1476 1208 1564 quandocumque
1242 1479 1384 1544 iure
1417 1480 1723 1545 canonico
1756 1480 2097 1570 episcopus
2136 1479 2484 1544 circumeat

88 1578 487 1665 parrochiam
527 1577 810 1666 populos
851 1575 933 1644 ad
979 1577 1454 1644 confirmandos
1471 1629 1493 1662 ,
1556 1580 1883 1667 presbiter
1924 1601 2184 1668 semper
2224 1587 2483 1666 paratus

88 1679 159 1742 sit
215 1677 298 1742 ad
363 1677 856 1766 suscipiendum
919 1678 1296 1767 episcopum
1309 1728 1328 1762 ,
1397 1703 1543 1744 cum
1606 1680 1987 1746 collectione
2048 1689 2117 1745 et
2160 1678 2481 1746 adiutorio

89 1779 302 1866 populi
345 1779 462 1864 qui
509 1777 602 1844 ibi
655 1778 1018 1843 confirmari
1065 1779 1277 1846 debet.
1325 1779 1411 1844 Et
1449 1779 1518 1844 in
1560 1801 1720 1846 cena
1765 1781 2031 1846 Domini
2074 1801 2331 1868 semper
2374 1802 2485 1845 no·

88 1901 226 1942 vum
287 1877 534 1944 crisma
589 1880 668 1944 ab
733 1879 1038 1965 episcopo
1085 1889 1386 1964 quaerat,
1453 1890 1529 1945 ut
1570 1879 1947 1969 episcopum
1998 1881 2177 1946 testis
2224 1880 2491 1946 adsistat

91 1978 397 2062 castitatis,
448 1987 522 2044 et
555 1978 724 2043 vitae
770 1986 834 2042 et
875 1979 1032 2044 fidei
1075 1988 1142 2044 et
1183 1979 1510 2046 doctrinae
1554 1981 1753 2047 illius.

235 2077 355 2144 IV.
446 2076 812 2144 Statuimus
857 2087 932 2143 ut
971 2079 1325 2144 secundum
1389 2081 1759 2148 eanonicam
1806 2082 2183 2165 cautellam,
2252 2103 2477 2147 omnes

91 2179 538 2264 undecumque
597 2179 1129 2267 supervenientes
1186 2179 1448 2266 ignotos
1508 2181 1847 2269 episcopos
1902 2183 2012 2247 vel
2063 2181 2483 2270 presbiteros,

89 2287 216 2342 ante
275 2279 738 2366 probationem
787 2278 1173 2365 synodalem
1212 2279 1280 2344 in
1326 2281 1835 2346 ecclesiasticum
1876 2281 2305 2347 ministerium
2344 2302 2477 2346 non

96 2378 595 2444 admitteremus.
1347 2461 1352 2464 ²

233 2479 319 2544 V.
399 2479 842 2546 Decrevimus
886 2489 958 2545 ut
1001 2481 1358 2546 secundum
1403 2501 1681 2546 canones
1740 2479 2183 2565 unusquisque
2232 2479 2481 2566 episco-

95 2601 198 2663 pus
247 2579 315 2644 in
379 2603 506 2644 sua
552 2579 894 2666 parrochia
951 2579 1452 2649 sollicitudinem
1516 2579 1821 2645 adhibeat
1846 2627 1867 2662 ,
1930 2578 2273 2646 adiuvante
2338 2599 2483 2664 gra-

93 2678 266 2744 vione
317 2680 432 2764 qui
491 2677 796 2746 defensor
845 2678 1158 2744 ecclesiae
1207 2688 1338 2762 est,
1383 2689 1455 2744 ut
1499 2679 1781 2768 populus
1822 2679 1955 2744 Dei
1996 2678 2305 2767 paganias
2350 2700 2485 2745 non

103 2778 304 2862 faciat,
379 2779 508 2844 sed
551 2787 627 2842 ut
681 2799 904 2844 omnes
945 2778 1284 2866 spurcitias
1346 2779 1729 2865 gentilitatis
1776 2778 2033 2844 abiiciat
2078 2788 2145 2844 et
2181 2787 2481 2866 respuat3

101 2876 219 2942 sive
253 2879 570 2944 sacrificia
616 2887 1059 2961 mortuorum,
1107 2879 1244 2942 sive
1289 2878 1639 2966 sortilegos
1678 2880 1788 2944 vel
1832 2878 2106 2961 divinos,
2162 2878 2299 2942 sive
2346 2876 2483 2941 fila-

99 2977 274 3042 cteria
313 2987 380 3042 et
419 2978 728 3064 auguria,
791 2978 928 3042 sive
972 2977 1432 3044 incantationes
1447 3029 1468 3062 ,
1530 2979 1667 3042 sive
1726 2978 1966 3044 hostias
2024 2976 2479 3058 immolatitiaS,

102 3097 238 3158 quas
284 3079 466 3144 stulti
511 3078 806 3144 homines
854 3078 1038 3144 iuxta
1079 3079 1384 3144 ecclesias
1425 3079 1555 3143 ritu
1595 3100 1851 3166 pagano
1892 3077 2163 3160 faciunt,
2207 3078 2327 3152 sub
2365 3099 2478 3142 no—

101 3175 254 3240 mine
295 3188 670 3244 sanctorum
709 3187 1067 3264 martyrum
1109 3178 1218 3242 vel
1263 3177 1724 3262 confessorum,
1770 3178 1989 3242 Deum
2033 3184 2099 3240 et
2142 3198 2291 3240 suos
2338 3198 2477 3240 san-

102 3283 218 3339 ctos
257 3277 338 3342 ad
373 3277 778 3343 iracundiam
815 3287 1275 3366 provocantes3
1321 3277 1456 3342 sive
1495 3277 1640 3342 illos
1680 3277 2037 3364 sacrilegos
2064 3276 2277 3363 ignes,
2322 3297 2483 3360 quos

101 3375 236 3438 m'ed
261 3375 386 3463 fyr
427 3387 700 3460 vocant,
743 3377 882 3458 sive
923 3399 1170 3460 omnes,
1219 3397 1663 3463 quaecumque
1712 3386 1881 3459 sunt,
1922 3397 2327 3463 paganorum
2374 3377 2481 3442 ob-

102 3475 472 3542 servationes
519 3477 872 3564 diligenter
913 3477 1316 3565 prohibeant.

246 3577 362 3642 VI.
453 3575 808 3644 statuimus
851 3577 1150 3643 similiter
1202 3586 1275 3642 ut
1328 3585 1478 3665 post
1529 3576 1697 3642 hanc
1736 3576 2095 3663 synodum,
2160 3595 2323 3660 quae
2362 3573 2484 3638 fuit

111 3672 194 3736 11.
234 3675 566 3744 Kalendas
613 3675 812 3744 Maias
837 3727 857 3761 ,
917 3686 990 3742 ut
1037 3676 1326 3762 quisquis
1389 3699 1730 3742 servorum
1775 3676 1905 3742 Dei
1960 3676 2071 3741 vel
2110 3675 2484 3742 ancillarum

105 3768 320 3862 Christi
377 3778 452 3842 in
499 3777 745 3842 crimen
802 3776 1238 3842 fornicationis
1295 3777 1517 3866 lapsus
1577 3776 1775 3842 fuerit
1790 3826 1811 3861 ,
1876 3775 2053 3862 quod
2108 3774 2177 3840 in
2221 3793 2477 3838 carcere

109 3875 554 3954 poenitentiam
597 3877 787 3942 faciat
838 3876 908 3942 in
969 3898 1136 3964 pane
1177 3887 1244 3940 et
1286 3898 1470 3961 aqua.
1562 3875 1651 3940 Et
1686 3877 1743 3940 si
1790 3875 2121 3942 ordinatus
2160 3872 2483 3960 presbiter

115 3968 352 4059 fuisset,
417 3977 582 4040 duos
623 3998 824 4042 annos
865 3977 933 4040 in
978 3997 1236 4041 carcere
1278 3985 1697 4064 permaneat,
1768 3984 1835 4040 et
1880 3985 2067 4041 antea
2113 3973 2481 4060 flagellatus

119 4079 174 4132 et
211 4077 578 4140 scorticatus
614 4075 945 4159 videatur,
1011 4085 1077 4140 et
1119 4086 1270 4164 post
1333 4074 1672 4164 episcopus
1730 4076 2071 4162 adaugeat.
2155 4073 2231 4140 Si
2273 4083 2489 4142 autem

117 4169 356 4240 clericus
399 4178 512 4241 vel
551 4175 901 4242 monachus
958 4176 1025 4240 in
1065 4176 1191 4240 hoc
1233 4185 1571 4263 peccatum
1622 4175 1969 4258 ceciderit,
2044 4182 2195 4264 post
2234 4174 2487 4238 tertiam

117 4276 601 4342 ververationem
641 4276 708 4340 in
753 4295 1078 4341 carcerem
1120 4275 1351 4340 missus
1373 4325 1393 4360 ,
1439 4285 1806 4341 vertentem
1848 4297 2085 4339 annum
2127 4272 2215 4337 ibi
2262 4275 2480 4362 paeni-

119 4371 350 4438 tentiam
391 4384 565 4462 agat.
667 4372 984 4442 Similiter
1047 4383 1114 4438 et
1169 4397 1423 4440 nonnae
1481 4375 1734 4440 velatae
1802 4373 2031 4437 eadem
2092 4373 2484 4460 paenitentia

118 4481 566 4559 conteneantur,
617 4483 682 4538 et
729 4474 1037 4540 radantur
1083 4496 1310 4540 omnes
1353 4474 1567 4564 capilli
1612 4471 1831 4560 capitis
1878 4472 2033 4538 eius.
