2959 4984
427 243 540 299 470
679 242 952 295 Lxxvn.
1023 239 1274 293 BULLA
1317 237 1460 292 1³80
1496 237 1745 290 ummo
1784 237 2275 292 noscovlnco
2314 239 2375 288 A,
2414 233 2577 292 1848.

421 409 570 478 κύω
611 408 800 496 Rege
842 404 1090 472 Illustri
1138 400 1586 468 tractationem
1628 401 2025 489 suscepimus
2040 453 2061 486 ,
2104 419 2455 490 omnesque
2498 423 2721 488 curas,
2760 413 2818 469 et

426 508 693 576 consilia
731 505 1167 586 adhibuimus,
1210 509 1284 567 ut
1328 499 1679 566 catholicae
1718 501 2063 588 religionis
2102 512 2340 568 statum
2378 504 2447 568 in
2486 503 2817 570 meliorem

426 609 518 677 ibi
555 605 994 674 conditionem
1039 601 1369 669 adducere
1389 651 1412 686 ,
1475 623 1552 666 ac
1606 601 2037 690 sempiternae
2092 603 2357 668 illorum
2398 603 2699 668 fidelium
2738 627 2820 667 sa-

421 709 540 778 luti
601 706 982 797 prospicere
1041 723 1402 792 possemus,
1494 699 1635 766 Etsi
1686 721 1847 766 vero
1888 702 2039 768 Deo
2092 705 2261 768 bene
2304 704 2583 788 juvante
2637 703 2824 768 mults

433 809 698 896 quidem
743 823 1136 892 componere
1173 801 1505 890 potuimus
1522 852 1543 886 ‚
1600 801 1671 868 in
1710 801 1943 887 quibus
1982 801 2100 868 ille
2139 799 2619 869 Serenisaimus
2653 801 2821 868 Prin-

339 957 344 962 ·
431 931 586 999 ceps
627 927 834 996 prona
871 913 940 973 et
979 902 1296 969 benevola
1337 902 1671 966 voluntate
1708 899 1970 968 Nostris
2030 901 2373 968 desideriis
2434 902 2821 970 obsecunda-

415 1009 546 1093 ·vit,
586 1017 806 1074 tamen
847 1002 1128 1093 plurima
1170 1011 1238 1066 et
1281 1000 1647 1088 gravissimi
1695 1021 1851 1066 saue
1872 1051 1893 1086 ‚
1948 1001 2341 1086 maximique
2402 1002 2719 1070 momenti
2754 1003 2825 1067 sd

429 1118 718 1200 optatum
763 1105 1014 1171 exitum
1050 1099 1434 1168 adducenda
1498 1109 1845 1190 supersunt
1860 1149 1880 1184 ,
1940 1100 2491 1186 quemadmodum
2534 1123 2627 1168 ex
2672 1101 2823 1168 Con-

429 1205 730 1276 sistoriali
771 1205 1016 1272 Nostra
1055 1201 1476 1268 Alloeutione
1516 1199 1643 1266 hoc
1683 1199 1829 1288 ipso
1876 1199 1983 1264 die
2024 1201 2243 1267 habita
2256 1253 2277 1285 ,
2320 1225 2397 1266 ao
2438 1202 2623 1289 typis
2666 1202 2821 1267 edita

433 1308 604 1376 clare
669 1313 1025 1394 aperteque
1065 1310 1262 1390 patet.
1349 1299 1517 1366 Cum
1575 1309 1793 1368 autem
1854 1309 2115 1388 praeter
2156 1302 2517 1368 Dioeceses
2578 1301 2729 1366 sitas
2764 1301 2821 1365 in

429 1406 742 1474 Poloniae
784 1405 1018 1490 Regno
1065 1399 1360 1486 ejusdem
1391 1399 1715 1489 Principis
1756 1399 1983 1466 ditioni
2024 1401 2317 1487 subjecto
2356 1402 2427 1466 in
2466 1402 2820 1468 vastissimo

428 1505 805 1574 Russiarum
848 1502 1134 1591 Imperio
1173 1521 1291 1566 sex
1335 1499 1519 1566 latini
1548 1497 1746 1564 Ritus
1790 1499 2073 1566 existant
2114 1501 2473 1570 Dioeceses
2500 1550 2525 1586 ,
2570 1523 2822 1586 quarum

429 1607 594 1674 fines
649 1605 760 1670 fel.
817 1625 950 1669 ree.
1016 1601 1177 1668 Pius
1212 1598 1332 1665 VI.
1393 1599 1722 1666 Dcoessor
1762 1599 2008 1668 Noster·
2068 1623 2189 1688 pro
2244 1602 2641 1690 Apostoliea
2702 1601 2822 1670 Sua

431 1703 868 1773 sollieitudine
913 1712 1106 1788 atque
1143 1699 1408 1764 illorum
1455 1699 1751 1766 fidelium
1817 1703 1989 1766 bono
2032 1701 2529 1768 constituendos
2578 1702 2821 1781 curavit,

427 1805 560 1870 suis
615 1802 1016 1890 Apostolicis
1056 1800 1320 1866 Litteris
1363 1798 1519 1864 XV.
1578 1799 1913 1866 Kalendas
1960 1801 2349 1868 Decembris
2416 1801 2625 1869 Anno
2678 1801 2819 1868 1798

427 1905 548 1970 sub
593 1904 860 1992 plumbo
907 1901 1093 1986 datis,
1141 1921 1306 1984 quae
1345 1897 1664 1986 incipiunt
1702 1898 2045 1980 „Maximis
2092 1900 2385 1986 undique
2398 1903 2675 1991 -pressi“
2698 1911 2818 1966 tum

428 2001 572 2070 Nos
617 2011 1028 2092 praesentem
1073 1999 1446 2066 earumdem
1496 1999 1919 2066 Dioeeesium
1966 1999 2259 2070 Russiaci
2298 2002 2577 2091 Imperii
2620 2000 2815 2069 condi-

431 2102 672 2168 tionem
697 2151 716 2186 ,
781 2109 848 2165 et
887 2100 1066 2164 varia
1101 2121 1324 2164 rerum
1342 2150 1362 2183 ,
1415 2099 1707 2164 locorum
1730 2151 1748 2179 ‚
1816 2123 1893 2164 ac
1930 2109 2295 2189 temporum
2335 2103 2647 2188 adjuncta
2685 2123 2820 2192 prae

435 2201 638 2268 oculis
679 2199 1016 2285 habentes,
1057 2199 1126 2266 in
1167 2199 1238 2263 id
1279 2221 1464 2264 curas
1482 2198 1757 2264 Nostrae
1799 2199 2217 2286 intendimus,
2252 2209 2327 2266 ut
2368 2203 2647 2270 dilectae
2686 2203 2817 2266 illae

433 2323 589 2368 oves
629 2299 886 2366 utiliore
927 2299 1248 2387 regimine
1273 2349 1294 2384 ,
1355 2321 1434 2364 ac
1473 2299 1823 2364 maioribus
1860 2299 2299 2388 spiritualibus
2344 2303 2652 2368 subsidiis
2686 2323 2814 2390 per-

431 2400 562 2470 frui
605 2409 896 2490 possent.
987 2400 1404 2488 Quapropter
1445 2399 1619 2466 inter
1662 2407 1909 2484 cetera,
1954 2421 2119 2484 quae
2160 2409 2393 2466 statuta
2420 2401 2649 2488 fuere,
2690 2425 2813 2466 cau-

426 2509 564 2568 tum
609 2509 732 2585 est,
770 2510 845 2568 ut
885 2507 1422 2566 commemoratae
1469 2520 1593 2564 sex
1614 2499 1973 2566 Dioeceses
2016 2500 2201 2566 latini
2224 2500 2387 2566 ritus
2416 2501 2487 2566 in
2516 2500 2811 2571 Russiaeo

423 2599 710 2688 Imperio
743 2601 880 2686 jam
922 2599 1280 2666 existentes
1319 2598 1503 2668 novis
1546 2598 2147 2666 circumscribantur
2186 2599 2447 2683 finibus5
2482 2620 2804 2684 novusque

423 2695 848 2787 Episcopatus
892 2697 1074 2764 latini
1127 2698 1286 2765 item
1345 2697 1511 2764 ritus
1572 2719 1719 2764 cum
1757 2697 2014 2764 duobus
2054 2697 2507 2785 Suffraganeis
2548 2701 2621 2767 in
2658 2701 2805 2780 urbe

431 2796 844 2865 Chersoneso
885 2798 1196 2883 erigatur,
1239 2819 1368 2882 quo
1409 2797 1487 2862 in
1526 2796 1912 2865 vastissimis
1940 2799 2071 2866 illis
2116 2800 2497 2885 regionibus
2520 2797 2809 2889 Episcopi

429 2899 500 2962 in
537 2898 788 2986 proprii
831 2897 1060 2984 gregis
1103 2897 1378 2965 salutem
1421 2897 1893 2985 procurandam
1954 2897 2205 2966 facilius
2230 2952 2249 2984 ,
2315 2908 2385 2964 et
2428 2899 2811 2968 commodius

431 2997 808 3068 incumbere
849 2999 1126 3068 valeant.
1203 3001 1432 3086 Itaque
1471 3003 1666 3068 rebus
1710 3000 2009 3066 omnihus
2050 3009 2299 3068 mature
2344 2999 2808 3086 diligenterque

425 3098 788 3186 perpensis,
831 3121 908 3164 ac
947 3100 1194 3166 selecta
1235 3100 1725 3168 Venerabilium
1760 3098 2071 3168 Fratrum
2110 3099 2500 3168 Nostrorum
2543 3099 2624 3167 ὃ.
2642 3100 2715 3168 Β.
2740 3095 2807 3162 Ε.

437 3195 875 3265 Cardinalium
917 3197 1446 3286 Congregatione
1488 3200 1557 3264 in
1599 3199 1941 3266 consilium
1984 3199 2290 3282 adhibita,
2331 3199 2401 3264 in
2446 3221 2600 3266 eam
2633 3217 2805 3288 porro

427 3317 612 3384 spem
659 3298 858 3365 erecti
903 3300 1068 3382 fore,
1108 3310 1181 3364 ut
1217 3299 1593 3386 hujusmodi
1630 3321 1802 3367 nova-
1836 3298 2257 3368 Dioeeesium
2300 3295 2807 3385 circumscriptio,

423 3397 704 3482 novique
737 3397 1165 3486 Episcopatus
1208 3399 1521 3466 instimtio
1562 3400 1647 3469 ad
1688 3399 2043 3466 catholicae
2076 3397 2413 3484 roligionis
2456 3400 2715 3482 bonum,
2752 3402 2807 3459 θ*

420 3497 748 3565 utiliorem
791 3519 1009 3562 rerum
1049 3521 1374 3566 sacrarum
1415 3499 1935 3588 procurationem
1976 3499 2329 3582 sendum,
2358 3517 2802 3583 quorumcum-

413 3617 564 3682 -que
608 3597 922 3665 interesse
963 3598 1338 3666 habentium
1382 3599 1746 3684 consensui,
1792 3599 2046 3686 quoties
2092 3620 2261 3686 opus·
2297 3597 2513 3683 fuerit,⁷
2542 3594 2807 3687 plenarie

429 3698 808 3786 supplentes
829 3750 849 3783 ,
915 3699 1190 3784 aliisque
1247 3699 1545 3768 omnibus
1608 3699 1803 3766 etiam
1854 3696 2130 3788 speciali
2170 3706 2237 3762 et
2272 3699 2609 3770 individua
2642 3719 2799 3764 men-

425 3796 602 3862 tione
645 3797 863 3884 dignis
897 3797 1160 3864 minime
1197 3799 1595 3868 obstantibus
1636 3821 1725 3867 ex
1766 3807 1941 3866 certa
1972 3797 2261 3883 sei-entia,
2290 3821 2377 3864 ae
2411 3803 2669 3870 matura
2703 3797 2797 3862 de-

419 3895 806 3966 liberatione
829 3895 1090 3982 Nostra‚
1135 3897 1348 3982 deque
1369 3898 1790 3984 Apostolieae
1830 3898 2169 3986 potestatis
2207 3899 2615 3988 plenitudine
2636 3897 2793 3964 hisee

433 3995 695 4060 Litteris
745 3996 1194 4064 constituimus
1220 4044 1241 4080 ,
1306 4005 1380 4062 ut
1421 4019 1507 4062 ex
1548 4007 1799 4084 septem
1850 3997 2035 4066 latini
2058 4037 2065 4042 ·
2088 3999 2251 4066 ritus
2309 3994 2797 4068 commemor-stis

422 4093 852 4164 Dioeeesibus
891 4095 962 4160 in
1006 4096 1402 4184 amplissimo
1445 4098 1826 4166 Russiarum
1869 4099 2157 4186 Imperio
2177 4143 2197 4184 ,
2238 4119 2365 4166 una
2400 4120 2641 4188 nempe
2678 4095 2793 4162 Mo-

427 4191 801 4268 hiloviensis
841 4193 1138 4262 Ecolesia
1179 4195 1732 4284 Metropolitieum
1762 4198 1878 4282 jus
1894 4247 1915 4282 ‚
1978 4205 2047 4264 et
2104 4197 2488 4284 dignitatem
2508 4247 2529 4282 ,
2559 4254 2567 4262 .
2594 4196 2795 4282 quibus

426 4290 680 4376 jamdiu
723 4301 822 4358 est
863 4292 1201 4380 insignita,
1265 4296 1583 4379 retineat,
1600 4357 1610 4366 „.
1629 4297 1791 4364 aliae
1836 4319 1994 4365 vero
2027 4298 2165 4384 jam
2202 4297 2555 4364 institutae·
2580 4295 2795 4364 scilieet

424 4389 754 4463 Ecclesiae
782 4393 1136 4478 Vilnensis-‚
1173 4394 1693 4482 SamogitiensiS‚
1738 4395 2156 4482 massennes
2174 4397 2631 4466 {necerim
2668 4414 2791 4460 eum

2476 4971 2489 4974 ,
2550 4971 2563 4974 ,
2596 4925 2943 4974 ῌΜ--..ῐ----·--ᾸΙ
