2959 4984
400 337 647 387 XLVIII.
723 334 1035 385 LITERAE
1080 314 1526 385 ARCHOE'PISG.
1567 329 1998 381 VIENNENSIS
2035 332 2096 380 A.
2133 327 2291 382 1855.
2436 328 2541 381 293

110 506 180 569 in
230 503 417 589 quod
476 502 559 567 ad
604 510 861 588 tempus
926 497 1475 564 extraordinarius
1535 496 1934 585 procedendi
1995 498 2266 579 modus,
2344 514 2538 579 quem

121 602 615 687 „Standrecht“
662 599 1005 686 (judicium
1048 597 1550 682 instantaneum)
1611 607 1861 679 vocant,
1907 605 2178 661 statutus
2230 607 2344 662 est.
2431 595 2536 663 In-

118 727 327 793 super
371 703 680 788 Majestas
727 698 863 765 Sua
908 708 1245 786 exspectat
1275 748 1295 781 ,
1358 699 1499 762 fore
1561 707 1633 761 ut
1673 697 1983 784 Episcopi
2045 696 2126 760 ad
2172 698 2535 763 custodien-

124 808 289 871 dum
330 805 551 868 virum
622 802 1128 866 ecclesiasticum
1157 849 1175 881 ,
1249 800 1359 884 qui
1416 822 1453 862 a
1486 798 1708 885 judice
1769 797 1940 861 civili
2006 797 2087 860 de
2149 798 2385 862 delicto
2429 799 2540 863 vel

118 903 649 991 transgressione
700 902 1163 969 condemnatus
1206 899 1403 964 fuerit
1426 948 1447 982 ,
1523 898 1786 962 domum
1851 897 2348 963 ecclesiasticam
2389 899 2536 963 seli-

118 1014 301 1092 gant,
350 1024 519 1088 quae
567 1002 907 1072 Gubernio
952 1001 1126 1064 haud
1170 1000 1526 1087 displiceat.
1631 999 1710 1062 In
1755 1007 2064 1082 quantum
2106 999 2190 1062 ad
2237 1000 2534 1063 eeclesia-

121 1106 353 1169 sticam
400 1102 682 1185 aliquam
726 1101 991 1165 domum
1049 1099 1455 1163 custodiendi
1514 1097 1755 1161 remitti
1817 1096 2106 1184 possint,
2150 1098 2285 1181 ‘qui
2327 1098 2536 1163 crimi-

117 1208 218 1271 nis
262 1204 367 1269 rei
400 1202 677 1287 judicati
720 1201 1001 1283 fuerint,
1066 1198 1381 1287 pendebit
1436 1222 1473 1261 a
1521 1220 1704 1261 casus
1750 1206 1978 1261 natura
2047 1206 2114 1260 et
2158 1198 2366 1281 gratia
2407 1200 2536 1265 Im-

122 1303 477 1393 peratoriS.

284 1434 448 1499 XII.
534 1434 614 1497 In
653 1432 985 1519 provincia
1013 1480 1033 1513 ,
1094 1453 1256 1516 quae
1310 1432 1427 1496 sub
1487 1429 1765 1494 limitum
1827 1430 2198 1494 militarium
2258 1431 2522 1497 nomine

129 1538 355 1617 venit,
398 1532 744 1621 peculiaris
799 1532 993 1620 plane
1055 1552 1160 1595 res
1222 1530 1714 1595 administrandi
1771 1530 2002 1595 modus
2064 1538 2334 1595 statutus
2402 1542 2534 1617 est3

124 1637 375 1722 quippe
420 1656 589 1697 unus
631 1632 937 1717 idemque
999 1640 1066 1695 et
1109 1631 1384 1696 militum
1427 1631 1792 1719 praefectus
1860 1640 1924 1694 et
1971 1631 2184 1716 judex
2229 1641 2294 1696 et
2333 1634 2536 1719 magi,-

122 1745 363 1800 stratus
408 1732 635 1797 civilis.
678 1732 892 1818 Igitur
927 1732 1185 1817 judices
1226 1731 1554 1814 ordinarii,
1597 1732 1680 1795 ad
1726 1754 1884 1817 quos
1930 1732 2314 1796 clericorum
2359 1755 2533 1797 caus-

125 1858 233 1899 sae
283 1834 523 1913 ¹civiles
594 1854 714 1920 per
777 1832 1249 1897 ordinationem
1311 1832 1372 1896 d.
1438 1832 1498 1896 d.
1545 1835 1602 1897 7.
1649 1832 1936 1917 Augusti
1995 1831 2158 1897 1852
2224 1833 2536 1899 remissae

126 1938 432 2016 fuerant,
496 1932 787 1997 militiam
825 1933 1017 1997 simul
1059 1942 1319 2018 regunt.
1408 1935 1629 2015 Quum
1674 1942 1887 1996 autem
1927 1932 1992 1996 in
2035 1932 2327 2021 pluribus
2370 1933 2535 1997 limi-

130 2045 267 2100 tum
314 2033 691 2098 militarium
735 2034 1023 2121 partibus
1088 2033 1423 2097 acatholici
1467 2032 1972 2117 frequentissimi
2013 2034 2337 2116 habitent,
2409 2058 2541 2100 non

130 2134 519 2218 contingere
564 2155 694 2198 non
738 2143 987 2220 potest,
1061 2142 1133 2198 ut
1174 2133 1243 2197 hi
1286 2133 1700 2219 magistratus
1741 2132 2084 2217 aliquando
2127 2133 2251 2197 viri
2293 2135 2372 2198 ab
2415 2134 2537 2198 Ec-

129 2235 333 2299 clesia
365 2232 691 2298 catholica
749 2233 941 2297 alieni
986 2234 1131 2298 sint.
1220 2236 1642 2322 Quapropter
1684 2233 1986 2319 Majestas
2045 2230 2181 2297 Sua
2224 2234 2398 2297 clero
2443 2257 2540 2297 ca-

129 2335 377 2399 tholico
442 2334 521 2398 ab
590 2332 929 2397 ordinariis
999 2334 1402 2398 districtuum
1465 2336 1872 2419 singulorum
1905 2332 2232 2418 judicibus
2281 2343 2538 2398 exemto

124 2433 555 2521 Zagrabiae,·
608 2434 719 2499 ubi
745 2438 751 2443 ”
778 2457 997 2499 rerum
1062 2435 1341 2499 civiliun·
1404 2444 1469 2499 et
1508 2434 1882 2498 militarium
1919 2462 1922 2467 ·
1937 2454 2057 2521 per
2103 2432 2427 2498 Oroatiam
2473 2445 2538 2499 et

124 2529 525 2601 Slavoniam‘
574 2536 970 2618 gubernator
1024 2534 1310 2617 residet,
1365 2535 1579 2599 forum
1642 2534 1922 2622 speciale
1969 2533 2344 2619 delegatum
2387 2556 2534 2598 con-

122 2635 351 2700 stituit.
442 2634 599 2699 Pari
641 2636 838 2700 modo
884 2636 953 2699 in
1001 2636 1231 2699 ceteris
1272 2657 1534 2721 quoque
1589 2636 1865 2699 limitum
1929 2633 2299 2698 militarium
2339 2634 2534 2722 parti-

122 2739 243 2802 bus
286 2734 773 2823 providebitur.
1753 2729 1758 2733 ’

293 2868 492 2933 XIII.
586 2870 805 2950 Quum
849 2868 1154 2954 Majestas
1196 2866 1327 2935 Sua
1378 2868 1746 2952 desideret,
1805 2878 1878 2933 ut
1922 2867 2295 2955 disciplinae
2331 2868 2534 2931 eccle-

126 2969 423 3034 siasticae
472 2968 667 3054 vigor
715 2970 1173 3052 conservetur,
1218 2977 1510 3057 paratum
1557 2990 1815 3057 semper
1861 2991 1929 3033 se
1971 2968 2266 3033 exhibuit
2315 2977 2379 3032 61
2419 2990 2530 3032 ex-

129 3068 406 3151 hibebit,
448 3068 531 3132 ad
577 3070 944 3134 executioni
990 3070 1381 3135 mandandas
1430 3064 1777 3133 sententias
1819 3072 1896 3135 ab
1921 3068 2260 3156 Episcopis
2303 3068 2371 3131 in
2411 3067 2535 3131 cle-

128 3170 302 3233 ricos
366 3167 459 3232 eis
522 3169 813 3256 subditos
866 3170 1028 3234 latas
1089 3169 1331 3235 brachii
1398 3170 1746 3235 saecularis
1812 3170 2124 3234 auxilium
2187 3177 2538 3255 praestare.

126 3268 488 3357 Exspectat
536 3278 751 3333 autem
796 3271 938 3343 fore
958 3320 978 3353 ,
1022 3280 1096 3333 ut
1137 3270 1445 3359 Episcopi
1488 3270 1822 3335 brachium
1865 3270 2193 3338 saeculare
2234 3272 2536 3360 implora<

131 3370 259 3433 turi
310 3391 631 3455 congruas
680 3369 951 3433 afferant
995 3364 1533 3454 dilucidationes',
1597 3370 1648 3434 si
1692 3392 1846 3455 quas
1890 3372 1966 3435 ab
2010 3370 2166 3459 ipsis
2214 3373 2346 3460 peti
2391 3396 2537 3437 con-

132 3469 398 3555 tigerit,
466 3490 593 3553 quo
640 3470 903 3553 quidem
946 3471 1285 3555 eveniente
1336 3493 1486 3535 casu
1528 3471 2048 3557 Augustissimus
2093 3473 2358 3539 consilio
2399 3462 2565 3535 ute-'

135 3580 239 3634 tur
287 3570 757 3633 commissionis
794 3572 913 3634 sub
955 3570 1264 3658 Episcopi
1311 3571 1645 3656 cujusdam
1691 3572 2018 3660 praesidio
2085 3594 2169 3636 ex
2212 3594 2539 3636 sacrorum

136 3669 562 3733 Antistitibus
606 3690 719 3733 seu
768 3670 909 3733 aliis
952 3669 1107 3735 viris
1156 3671 1602 3755 ecclesiasticis
1651 3672 2066 3759 compositae.

298 3800 491 3866 XIV.
577 3802 796 3887 Leges
841 3801 1223 3867 Austriacae
1274 3825 1397 3888 qua
1450 3806 1750 3891 regulam
1808 3814 2127 3887 statuunt,
2184 3812 2256 3866 ut
2319 3811 2539 3885 testeS,

132 3925 413 3987 quorum
460 3893 858 3967 domicilium
906 3927 943 3967 a
978 3903 1137 3968 sede
1169 3904 1397 3989 judicii
1436 3904 1918 3989 inquisitionem
1961 3906 2332 3995 peragentis
2371 3905 2541 3970 ultra

134 4001 265 4065 duo
316 4001 621 4066 milliaria
664 4002 897 4086 distat,
960 4027 1176 4068 eoram
1219 4004 1443 4089 judice
1503 4006 1861 4088 districtUS,
1930 4006 1998 4071 in
2048 4028 2172 4091 quo
2234 4005 2541 4090 habitant,

136 4100 586 4165 testimonium
630 4102 857 4167 ferant.
900 4104 1249 4168 Praeterea
1295 4113 1359 4168 et
1387 4106 1612 4189 legum
1651 4106 1858 4169 tenori
1887 4115 1952 4169 61
1982 4105 2339 4191 Majestatis
2367 4102 2542 4171 Suae

132 4201 457 4270 voluntati
502 4202 696 4289 plane
746 4214 1244 4269 consentaneum
1288 4213 1419 4287 est,
1489 4214 1560 4267 ut
1613 4204 1682 4268 in
1727 4205 2112 4292 expetendis
2157 4206 2540 4271 testimoniis

132 4302 575 4383 sacerdotum,
623 4313 932 4386 quantum
978 4304 1073 4369 rei
1104 4312 1331 4369 natura
1376 4306 1558 4387 sinat,
1607 4312 1924 4385 caveatur,
1969 4326 2054 4367 ne
2085 4306 2540 4391 persolvendis

130 4402 427 4467 muneris
479 4401 643 4465 sacri
682 4403 913 4469 officiis
954 4405 1420 4493 impedimenta
1457 4412 1795 4492 ponantur.
1866 4405 2121 4487 Quodsi
2167 4405 2431 4489 accidat,
2473 4416 2545 4471 ut

116 4503 341 4589 judex
390 4501 655 4587 quidam
698 4503 1110 4569 indiscretius
1153 4514 1323 4591 agat,
1354 4504 1663 4592 Episcopi
1698 4503 2251 4590 Angustissimum
2291 4507 2544 4594 adeant,
