2959 4984
91 5 138 7 .-,
161 3 752 17 -.Ἦ.,.,.,,-,,-.-.ῄ.-,-,.--ρ-,,-.,
785 3 792 8 Α.
861 5 866 7 .
983 5 986 7 ,
1027 5 1040 7 ,,

512 315 699 372 x11L.
738 315 1225 372 CONCORDATA
1268 311 1888 370 CONSTANTIENSIA
1923 316 1988 368 A.
2027 309 2182 366 1418.
2469 312 2535 366 91

158 486 587 575 provisionem
602 533 623 568 ,
691 483 1104 550 collationem
1149 502 1266 548 seu
1312 481 1600 566 quamvis
1663 480 1852 546 aliam
1897 478 2384 567 dispositionem
2425 477 2538 544 ali-

159 587 327 652 cuius
372 593 729 674 spectante,
773 583 970 650 fuerit
1010 583 1385 648 auctoritate
1416 581 1796 670 Apostolica
1837 581 2188 670 provisum,
2233 587 2344 646 aut
2383 579 2541 644 alias

158 687 531 776 dispositum
552 734 572 767 ,
638 686 751 750 ille
798 684 877 748 ad
924 683 1105 748 cuius
1150 682 1569 764 electionem,
1630 682 2038 748 collationem
2097 682 2207 746 vel
2249 680 2539 766 quamvis

154 787 639 874 dispositionem
679 785 889 873 primo
934 785 1080 850 loco
1120 782 1488 870 pertinebat
1509 831 1529 864 ,
1598 782 1682 847 de
1725 783 1852 848 alio
1899 781 2270 848 immediate
2312 789 2542 870 postea

146 896 440 952 vacaturo
520 886 861 974 provideat
928 893 1037 950 aut
1097 884 1435 972 disponat,
1533 891 1729 970 prout
1793 883 1876 947 ad
1943 905 2090 948 eum
2149 883 2536 971 pertinebat.

142 987 221 1053 Et
273 987 363 1050 ita
422 996 895 1070 consequenter
951 985 1035 1049 de
1102 982 1380 1070 singulis
1438 982 1810 1048 huiusmodi
1869 983 2323 1068 dignitatibus,
2387 1003 2534 1070 per-

143 1086 467 1153 sonatibus
487 1134 509 1167 ,
581 1085 810 1150 officiis
878 1093 944 1149 et
1004 1083 1339 1150 beneficiis
1405 1081 1722 1156 vacaturis
1785 1083 2162 1148 auctoritate
2222 1081 2536 1148 Eiusdem

139 1185 394 1252 Domini
438 1185 645 1251 nostri
691 1184 905 1272 Papae
952 1192 1017 1248 et
1048 1183 1337 1248 'aliorum
1378 1181 1859 1270 praedictorum
1899 1181 2228 1247 alternatis
2275 1181 2524 1247 vicibus

142 1287 535 1375 disponatur}
580 1284 1125 1350 reservationibus
1168 1291 1277 1348 aut
1320 1282 1459 1346 aliis
1503 1305 1540 1345 a
1582 1282 1954 1369 praemissis
1999 1282 2528 1371 dispositionibus

138 1386 507 1452 auctoritate
562 1382 875 1450 Eiusdem
944 1381 1214 1448 Domini
1276 1381 1480 1446 nostri
1533 1380 1750 1470 Papae
1808 1382 1992 1447 factis
2048 1383 2157 1448 vel
2216 1384 2526 1450 faciendis

140 1510 258 1552 non
302 1483 706 1552 obstantibus
748 1483 1258 1568 quibuscunque.

304 1585 589 1670 Quoties
633 1604 791 1648 vero
836 1582 1052 1668 aliquo
1094 1591 1359 1647 vacante
1394 1583 1714 1648 beneficio
1760 1583 2028 1648 cadente
2072 1584 2140 1648 in
2180 1585 2322 1650 vice
2366 1594 2432 1650 et
2473 1587 2543 1652 in

140 1687 335 1772 gratia
380 1683 809 1773 expectativa,
852 1705 983 1748 non
1024 1683 1397 1772 apparuerit
1444 1683 1612 1748 infra
1654 1691 1794 1748 tres
1819 1706 2078 1750 menses
2121 1709 2159 1750 a
2199 1683 2306 1750 die
2346 1694 2538 1752 notae

148 1787 511 1869 vacationiS,
554 1785 623 1850 in
664 1783 809 1848 loco
852 1784 1175 1867 beneficii,
1227 1784 1399 1868 quod
1442 1783 1634 1849 alicui
1677 1784 1759 1849 de
1804 1784 1920 1849 illo
1960 1785 2316 1850 secundum
2355 1807 2540 1874 prae-

144 1885 331 1951 dictas
379 1884 823 1950 ordinationes
867 1884 1063 1950 fuerit
1108 1883 1490 1971 Apostolica
1529 1884 1906 1950 auctoritate
1948 1885 2283 1972 provisum
2304 1935 2324 1968 ,
2369 1885 2538 1952 ordi-

140 1989 347 2052 narius
393 1987 510 2050 vel
554 1985 736 2067 aliuS,
782 1985 865 2049 ad
906 2006 1101 2070 quem
1142 1984 1318 2049 illius
1366 1983 1702 2072 dispositio
1746 1985 2131 2072 pertinebit,
2179 1985 2260 2052 de
2305 1986 2420 2052 illo
2464 1987 2539 2050 li-

142 2089 281 2152 bere
327 2086 650 2174 disponat,
696 2107 818 2150 nec
858 2085 981 2150 sibi
1024 2085 1091 2150 in
1134 2107 1249 2153 sua
1304 2085 1446 2150 vice
1487 2092 1912 2172 computetur.
1970 2085 2325 2169 Beneficia,
2369 2109 2534 2172 quae

139 2209 248 2275 per
316 2186 683 2274 simplicem
746 2186 1287 2250 renuntiationem
1370 2194 1481 2252 aut
1537 2185 2085 2274 permutationem
2153 2188 2540 2270 vacaverint,

145 2287 345 2352 neu-tri
391 2285 564 2376 parti
610 2295 1079 2375 computentur.

300 2384 761 2453 Sanctissimus
822 2386 1146 2452 Dominus
1203 2394 1425 2451 noster
1470 2385 1603 2451 PP.
1648 2385 1964 2452 Martinus
2011 2385 2098 2450 V.
2153 2384 2238 2450 ad
2301 2385 2540 2450 exalta-

140 2486 371 2551 tionem
437 2485 593 2551 fidei
658 2486 1010 2552 catholicae
1066 2495 1133 2551 et
1198 2487 1602 2574 spiritualem
1656 2487 2022 2574 profectum
2077 2485 2305 2574 populi
2351 2483 2538 2551 Chri-

142 2585 348 2668 stiani,
398 2585 484 2650 de
530 2607 848 2652 consensu
896 2595 963 2652 et
1003 2587 1409 2675 beneplacito
1450 2587 1729 2652 nationis
1773 2584 2204 2654 Germanicae
2224 2635 2243 2667 ,
2303 2585 2541 2666 statuit,

140 2685 384 2751 ordinat
440 2695 509 2751 et
550 2687 846 2752 decernit
868 2737 889 2770 ,
956 2686 1132 2772 quod
1177 2687 1486 2775 deinceps
1545 2688 1614 2754 in
1656 2685 2171 2775 metropolitanis
2215 2694 2280 2750 et
2325 2684 2538 2750 cathe-

140 2784 413 2851 dralibus
461 2784 771 2852 Ecclesiis
817 2787 1091 2856 nationis
1138 2786 1566 2853 Germanicae
1606 2786 1933 2870 eiusdem,
1977 2796 2164 2852 sexta
2223 2807 2373 2874 pars
2418 2782 2538 2850 Ca-

138 2885 539 2951 nonicatuum
584 2895 649 2950 et
684 2885 1211 2952 Praebendarum
1256 2885 1340 2950 sit
1380 2909 1500 2974 pro
1567 2886 1959 2952 Doctoribus
2017 2894 2128 2952 aut
2166 2883 2538 2952 Licentiatis

138 2984 199 3050 in
237 3009 420 3052 saera
439 2985 688 3072 Pagina
729 2987 835 3050 vel
878 2987 1083 3052 altero
1125 2986 1382 3068 iurium,
1413 2987 1522 3051 vel
1575 2986 1644 3051 in
1687 2986 2062 3073 Theologia
2102 2985 2535 3052 Baccalauriis

140 3085 419 3152 formatis
460 3095 570 3150 aut
612 3086 942 3173 Magistris
990 3086 1059 3151 in
1100 3085 1425 3152 Medicina
1444 3136 1465 3169 ,
1515 3087 1623 3172 qui
1667 3108 1786 3175 per
1831 3085 2181 3169 biennium,
2229 3108 2352 3152 seu
2395 3085 2532 3152 Ma-

140 3187 347 3274 gistris
389 3188 461 3252 in
502 3185 774 3253 Artibus
794 3236 814 3269 ,
889 3187 999 3271 qui
1038 3209 1160 3276 per
1200 3187 1718 3272 quinquennium
1784 3196 1932 3275 post
1973 3187 2425 3273 Magisterium
2469 3189 2538 3253 in

142 3287 497 3374 Theologia
533 3297 644 3352 aut
687 3288 893 3353 altero
939 3288 1188 3353 Iurium
1245 3287 1614 3352 studuerint
1677 3289 1746 3353 in
1789 3288 2002 3353 studio
2043 3288 2377 3373 generali3
2443 3287 2536 3353 sic

143 3387 443 3454 videlicet
462 3437 482 3471 ,
565 3389 741 3475 quod
784 3389 1149 3474 ubicunque
1191 3410 1324 3453 non
1386 3389 1586 3454 fuerit
1627 3389 1856 3454 saltem
1900 3397 2084 3454 sexta
2124 3411 2274 3477 pars
2325 3386 2532 3454 Cano-

147 3487 434 3555 nicorum
478 3489 1066 3578 praebendatorum
1110 3489 1178 3554 in
1223 3489 1722 3578 metropolitana
1773 3499 1882 3554 aut
1925 3489 2278 3556 cathedrali
2317 3489 2541 3556 Eccle-

143 3592 225 3656 sia
262 3591 477 3658 taliter
512 3589 1003 3679 ,graduatorum,
1046 3590 1137 3658 ibi
1182 3591 1550 3676 quicunque
1594 3591 1903 3680 deinceps
1944 3591 2273 3657 vacaverit
2317 3588 2527 3656 Cano-

144 3690 379 3757 nicatus
441 3701 506 3756 et
546 3691 966 3775 Praebenda,
1026 3713 1407 3778 quacunque
1456 3694 1646 3758 ctiam
1693 3693 2080 3783 Apostolica
2115 3691 2225 3756 vel
2265 3689 2389 3754 alia
2427 3713 2535 3756 au-

142 3793 423 3858 ctoritate
446 3842 466 3874 ,
526 3815 656 3858 non
699 3792 822 3858 nisi
868 3793 1084 3858 taliter
1126 3793 1459 3879 graduatis
1505 3795 1872 3860 conferatur
1895 3843 1916 3877 ,
1987 3812 2322 3878 quousque
2367 3789 2536 3856 dicta

141 3901 313 3956 sexta
369 3915 521 3980 pars
583 3893 980 3983 compleatur
1050 3894 1265 3960 taliter
1299 3933 1310 3938 a
1322 3894 1680 3981 graduatis.
1770 3891 1847 3962 Si
1887 3903 2103 3960 tamen
2147 3893 2316 3958 infra
2357 3913 2536 3956 men·-

141 4010 269 4055 sem
309 4015 349 4056 a
390 4001 685 4081 tempore
736 3993 1085 4058 vacationis
1146 4003 1446 4082 repertus
1506 3993 1704 4059 fuerit
1757 3994 1970 4059 taliter
2005 3992 2358 4080 graduatus
2373 4039 2392 4073 ,
2469 4000 2537 4056 et

141 4090 285 4156 alias
327 4091 601 4158 idoneus
628 4143 648 4177 ,
729 4093 837 4178 qui
884 4115 1004 4182 per
1054 4115 1125 4159 se
1166 4094 1275 4159 vel
1319 4104 1807 4183 procuratorem
1851 4093 2135 4159 voluerit
2175 4099 2531 4179 acceptare.

146 4189 335 4272 Quod
376 4193 793 4282 postmodum
836 4193 1275 4277 continuetur,
1338 4202 1413 4258 ut
1448 4194 1533 4259 ad
1593 4194 1928 4260 minimum
1975 4193 2181 4259 dictus
2227 4213 2534 4258 numerus
2567 4259 2578 4268 ,

145 4301 357 4356 sextae
400 4294 602 4382 partis
666 4292 1139 4360 Canonicorum
1202 4295 1418 4360 taliter
1477 4304 1552 4360 ut
1590 4295 2022 4384 praemittitur
2071 4292 2534 4380 graduatorum

144 4389 205 4452 in
242 4390 399 4480 ipsis
443 4394 955 4481 metropolitanis
1006 4404 1072 4459 et
1120 4395 1593 4462 cathedralibus
1643 4395 1952 4461 Ecclesiis
2000 4395 2330 4461 habeatur.

300 4489 433 4560 Ubi
474 4502 693 4560 autem
746 4493 867 4560 soli
917 4503 1389 4563 consueverunt
1431 4493 1730 4560 Illustres
1770 4502 1881 4559 aut
1923 4493 2006 4559 de
2047 4492 2374 4561 Comitum
2425 4495 2533 4558 vel
