2959 4984
833 294 1112 345 KAROLI
1149 291 1380 342 MAGN}
1423 293 1462 341 A
1526 287 1643 342 879.
2368 283 2439 338 59

1037 455 1442 512 OMNIBUS.

197 583 432 648 XXX.
523 581 694 646 Item
735 582 804 646 in
836 579 1084 644 reodem
1128 577 1432 659 concili0,
1480 585 1555 640 ut
1595 575 1741 640 laici
1786 574 2121 661 episcopos
2166 582 2277 637 aut
2320 574 2446 637 cle-

33 685 206 748 ricos
263 706 402 749 non
456 690 794 765 accusent,
858 679 982 744 nisi
1038 679 1216 768 prius
1266 699 1493 742 eorum
1535 675 1910 741 discutiatur
1958 673 2448 739 existimationis

25 785 274 871 opinio.

333 902 502 956 Conc.
546 901 724 956 Chalc.
765 917 884 956 can.
920 902 1005 955 21.
1069 899 1310 953 Clericos
1344 898 1434 952 vel
1467 897 1639 952 laicos
1657 935 1671 963 ,
1722 895 1821 965 qui
1848 897 2116 948 accusant
2146 893 2455 963 Episcopos

245 990 340 1043 vel
377 989 622 1043 Clericos
636 1028 652 1054 ,
710 987 1206 1056 quomodocunque
1261 990 1319 1040 et
1371 985 1491 1040 sine
1536 983 1743 1038 iudicio
1794 999 1907 1036 non
1944 981 2151 1050 suscipi
2184 981 2259 1036 ad
2292 998 2449 1038 accu-

245 1075 488 1130 sandum
524 1076 746 1143 debere,
783 1075 894 1130 nisi
927 1074 1084 1146 prius
1117 1090 1307 1128 eorum
1345 1071 1685 1128 existimatio
1722 1069 1893 1125 fuerit
1927 1069 2189 1124 discussa.

1038 1244 1447 1301 OMNIBUS.

210 1367 472 1432 XXXI.
559 1366 728 1431 Item
769 1366 836 1430 in
885 1366 1155 1448 eodem,
1217 1374 1290 1429 ut
1332 1365 1475 1430 loca
1517 1385 1679 1449 quae
1722 1362 1927 1428 semel
1965 1361 2113 1427 Deo
2160 1360 2454 1425 dedicata

49 1477 206 1532 sunt
247 1477 323 1532 ut
355 1466 755 1560 „monasteria
797 1467 955 1548 sint,
996 1475 1298 1531 maneant
1335 1475 1655 1555 perpetuo
1698 1463 2103 1545 monasteria,
2142 1483 2263 1527 nec
2302 1483 2449 1550 pos-

43 1568 176 1632 sint
215 1567 582 1640 ult.,....ieri
627 1567 977 1632 saecularia
1019 1567 1398 1632 habitacula.

320 1685 491 1740 Cone.
529 1685 716 1739 Chalc.
753 1702 875 1740 can.
912 1685 995 1740 24.
1078 1683 1228 1750 Quae
1282 1684 1400 1737 Deo
1451 1683 1621 1738 semel
1672 1685 1889 1738 sacrata
1934 1684 2065 1734 sunt
2116 1677 2455 1734 monasteria

247 1773 554 1827 secundum
591 1772 1001 1842 Episcoporum
1035 1788 1363 1826 consensum
1384 1811 1398 1838 ‚
1453 1774 1679 1840 oportet
1725 1771 1787 1824 in
1821 1771 2151 1839 perpetuum
2180 1769 2454 1820 monaste-

243 1860 330 1914 ria
363 1861 680 1930 nuncupari
700 1899 714 1928 ‚
765 1864 823 1914 et
865 1877 1058 1914 eorum
1108 1877 1198 1916 res
1250 1859 1605 1914 monasteriis
1657 1857 1963 1912 reservari:
2018 1860 2077 1910 et
2124 1873 2238 1908 non
2286 1869 2449 1923 posse

246 1949 484 2004 ulterius
531 1949 834 2003 coenacula
891 1947 1161 2002 secularia
1195 1946 1334 2001 fieri.
1413 1947 1472 2000 Si
1508 1946 1604 2016 qui
1651 1963 1783 2002 vero
1837 1946 1976 2003 haec
2022 1943 2147 1998 fieri
2192 1941 2454 2015 permise-

245 2037 378 2103 rint,
415 2035 699 2092 canonicis
737 2035 1054 2090 interdictis
1091 2035 1430 2091 subiaceant.

1043 2211 1453 2266 OMNIBUS.

247 2329 543 2394 XXXH.
672 2329 753 2394 In
822 2331 1092 2396 concilio
1157 2329 1645 2417 Cartaginense.
1754 2331 1974 2398 Primo
2034 2325 2319 2397 omnium
2380 2339 2453 2398 ut

51 2430 214 2494 fides
289 2439 547 2495 sanctae
592 2430 920 2495 Trinitatis
990 2440 1054 2496 et
1110 2431 1565 2497 incarnationis
1629 2431 1901 2514 Christi,
1961 2430 2275 2520 passionis
2302 2481 2321 2514 ,
2390 2441 2454 2496 et

49 2532 547 2596 resurrectionis
560 2580 580 2613 ,
647 2541 712 2595 et
752 2531 1146 2596 ascensionis
1189 2532 1260 2596 in
1301 2532 1510 2614 celos,
1574 2532 1927 2620 diligenter
1970 2531 2263 2597 omnibus
2306 2549 2452 2619 pre-

49 2629 316 2695 dicetur.

319 2720 492 2801 '‘fonc.
536 2748 721 2802 Carth.
776 2747 834 2800 in
881 2747 1227 2816 professione
1261 2745 1408 2802 fidei.
1471 2747 1633 2802 Anno
1683 2751 1751 2804 ab
1791 2749 2107 2804 Alexandro
2142 2749 2453 2817 MXXXV1‚

299 2807 438 2891 ‘inse
473 2837 649 2904 Iunio,
689 2836 831 2890 XIV.
868 2835 1147 2889 Kalendas
1183 2836 1328 2904 Iulii,
1367 2854 1400 2889 a
1432 2854 1634 2907 magna
1672 2839 1878 2906 synodo
1920 2839 2129 2893 dictum
2163 2843 2266 2892 est.
2329 2839 2454 2893 Cre-

249 2911 430 2978 simus
488 2925 550 2976 in
586 2941 758 2977 unum
795 2924 1003 2991 Deum,
1053 2924 1278 2978 Patrem
1329 2925 1768 2995 omnipotentem
1788 2969 1799 2991 ,
1856 2927 2100 2980 omnium
2153 2927 2451 2981 visibilium

245 3019 304 3069 et
339 3014 706 3068 invisibilium
741 3014 1025 3067 factorem.
1081 3013 1157 3066 Et
1191 3014 1250 3066 in
1283 3030 1456 3067 unum
1477 3014 1779 3068 Dominum
1817 3019 2073 3068 nostrum
2096 3015 2280 3068 Iesum
2302 3014 2455 3070 Chri-

248 3107 398 3157 stum
434 3101 611 3154 filium
644 3101 780 3167 Dei,
820 3105 1012 3156 natum
1049 3101 1118 3155 de
1153 3106 1316 3170 patre
1349 3101 1718 3171 unigenitum,
1750 3103 1859 3156 hoc
1893 3107 1995 3170 est,
2033 3103 2103 3156 de
2144 3103 2454 3156 substan-,ia

247 3189 443 3258 patris.
499 3187 681 3241 Deum
719 3205 788 3241 ex
821 3188 968 3254 Deo,
1005 3189 1193 3241 lumen
1225 3205 1295 3240 ex
1331 3188 1557 3256 lumine,
1595 3189 1776 3242 Deum
1810 3205 2001 3242 verum
2039 3205 2107 3242 ex
2141 3189 2260 3242 Deo
2301 3205 2451 3243 ver0.

246 3276 472 3342 Natum,
507 3291 621 3327 non
657 3278 938 3342 creatum3
979 3277 1292 3328 homousion
1327 3274 1495 3343 patri,
1529 3275 1637 3328 hoc
1675 3279 1793 3342 est,
1844 3274 2091 3328 eiusdem
2132 3291 2259 3328 cum
2291 3279 2453 3344 patre

249 3362 614 3417 substantiae.
687 3360 797 3414 Per
833 3377 998 3429 quem
1035 3359 1220 3416 omnia
1253 3361 1403 3415 facta
1443 3365 1603 3430 sunt,
1654 3379 1795 3430 quae
1830 3360 1891 3416 in
1926 3363 2081 3416 coelo
2123 3366 2181 3415 et
2214 3378 2355 3429 quae
2393 3363 2454 3416 in

245 3449 432 3503 terris.
508 3447 614 3514 Qui
649 3451 880 3518 propter
930 3463 1032 3501 nos
1089 3451 1146 3502 et
1181 3451 1413 3517 propter
1450 3453 1700 3502 nostram
1740 3449 1974 3502 salutem
2010 3448 2338 3516 descendit,
2376 3453 2451 3515 et,

251 3537 576 3589 incarnatus
613 3537 714 3601 est,
754 3533 919 3587 homo
953 3533 1134 3587 factus
1155 3573 1168 3600 ,
1211 3551 1403 3602 passus
1443 3538 1545 3601 est,
1604 3539 1661 3588 et
1694 3534 2002 3589 resurrexit
2037 3535 2209 3589 tertia
2246 3535 2364 3601 die,
2400 3537 2459 3588 et

259 3621 517 3676 ascendit
551 3621 609 3674 in
646 3621 848 3698 coelos.
898 3620 1034 3674 Inde
1069 3625 1334 3674 venturus
1372 3625 1458 3676 est
1491 3622 1738 3677 iudicare
1774 3623 1930 3676 vivos
1968 3626 2026 3676 et
2064 3625 2328 3675 mortuos.
2377 3618 2457 3674 Et

251 3711 312 3763 in
350 3707 621 3778 Spiritum
657 3711 925 3762 sanctum.
977 3707 1091 3781 Eos
1129 3712 1314 3760 autem
1351 3708 1446 3776 qui
1475 3708 1700 3763 dicunt:
1741 3713 1883 3764 Erat
1918 3711 2209 3780 aliquando
2248 3709 2455 3777 quando

253 3818 358 3852 non
397 3808 517 3850 erat
543 3835 558 3860 ,
599 3805 648 3848 et
686 3805 968 3864 antequam
1005 3806 1319 3848 nasceretur·
1356 3816 1462 3849 non
1502 3809 1620 3850 erat
1642 3833 1655 3855 ‚
1695 3808 1745 3851 et
1784 3800 1911 3867 quia
1949 3817 2015 3850 σω
2053 3798 2220 3850 nullis
2257 3805 2453 3848 extan-

251 3887 392 3938 tibus
436 3888 618 3952 factus
658 3893 768 3947 est,
821 3885 920 3935 aut
957 3899 1027 3934 ex
1061 3881 1172 3934 alia
1207 3881 1567 3936 subsistentia
1605 3883 1695 3937 vel
1735 3882 2047 3937 substantia
2084 3881 2277 3935 dicunt
2314 3897 2452 3948 esse,

251 3975 347 4024 aut
386 3968 811 4024 convertibilem
845 3967 1022 4022 filium
1057 3969 1200 4036 Dei,
1257 3969 1688 4024 anathematizat
1742 3969 2019 4025 catholica
2053 3971 2112 4022 et
2145 3967 2452 4037 apostolica

247 4057 522 4113 Ecclesia.

1061 4228 1464 4284 OMNIBUS.

217 4355 540 4422 XXXIII.
626 4354 796 4419 Item
835 4353 904 4419 in
949 4353 1201 4436 eodem,
1227 4323 1326 4419 'de
1367 4352 1773 4442 prohibenda
1808 4350 2088 4433 avaritia,
2131 4359 2205 4417 ut
2232 4351 2448 4418 nullus

75 4452 295 4522 alienos
339 4456 504 4522 fines
543 4462 835 4542 usurpet,
879 4454 989 4519 vel
1029 4454 1340 4519 terminos
1379 4461 1639 4541 patrum
1681 4453 2109 4518 transcendat.
