2959 4984
459 234 568 289 388
1001 233 1634 287 OBERRHRINISGHss
1672 233 2331 289 KIRGIOENPROVINZ.

465 400 740 469 Summo
763 398 1102 467 Territorii
1135 398 1424 487 Principi
1454 399 1667 473 minus
1708 399 1793 465 sit
1832 406 2079 483 gratuS,
2124 398 2193 465 id
2230 400 2713 489 quamprimum
2736 401 2849 467 Ar-

467 500 902 590 chiepiscopO,
945 500 1048 565 vel
1075 498 1404 587 Episcopo
1447 499 1557 565 vel
1598 501 1963 587 respectivo
2016 498 2315 589 Capitulo
2358 500 2539 567 idem
2574 525 2853 569 summus

461 602 774 689 Prineeps
804 599 1076 666 indicari
1117 600 1364 699 curabit
1405 609 1478 665 ut
1522 602 1602 667 ab
1646 600 1939 667 Elencho
1980 599 2495 667 Candidatorum
2534 603 2852 685 deleatur3

457 711 612 767 tunc
647 722 805 765 vero
854 699 1404 788 Archiepiscopus
1469 710 1583 764 aut
1622 700 1987 789 Episcopus
2046 701 2129 766 ad
2194 701 2611 769 collationem
2658 704 2852 772 Deca-

457 812 665 884 natuS,
715 800 1166 883 CanonicatuS,
1210 808 1322 866 aut
1350 800 1797 883 Praebendae,
1841 802 1949 867 vel
1973 802 2295 885 Vicariae,
2340 824 2459 869 seu
2500 806 2855 893 respective

461 900 836 989 Capitulum
871 900 1040 965 intra
1086 910 1358 985 quatuor
1401 900 1847 967 hebdomades
1872 903 2191 991 procedet
2230 904 2315 969 ad
2358 906 2853 971 nominationem

459 1002 648 1067 unius
691 1022 778 1067 ex
819 1001 1088 1085 reliquis
1135 999 1531 1084 Candidatis,
1576 1002 1679 1067 cui
1724 1003 2299 1092 Archiepiscopus,
2346 1014 2463 1071 aut
2500 1006 2855 1095 Episcopus

457 1102 826 1167 canonicam
870 1100 1054 1166 dabit
1095 1101 1583 1167 institutionem.

625 1201 768 1285 (V.)
857 1201 1139 1283 Quinto:
1195 1202 1276 1267 In
1319 1201 1688 1269 Seminario
1728 1202 2295 1291 Archiepiscopali
2340 1205 2453 1269 vel
2497 1205 2856 1294 Episcopali

455 1303 510 1367 is
561 1300 966 1365 clericorum
1004 1322 1312 1369 numerus
1359 1300 1480 1383 ali,
1522 1310 1717 1386 atque
1758 1302 1843 1366 ad
1888 1302 2163 1367 formam
2204 1303 2649 1369 Decretorum
2686 1302 2853 1371 Sacri

465 1402 738 1469 Concilii
763 1401 1128 1467 Tridentini
1164 1401 1430 1483 institui,
1473 1424 1549 1467 ac
1594 1401 1858 1468 educari
1896 1401 2179 1485 debebit,
2222 1403 2333 1488 qui
2362 1403 2713 1471 Dioeeesis
2738 1428 2854 1469 am-

461 1502 766 1592 plitudini
813 1512 879 1568 et
925 1502 1292 1569 necessitati
1333 1503 1747 1591 respondeat,
1788 1503 2031 1588 quique
2076 1505 2157 1571 ab
2196 1500 2523 1593 Episcopo
2572 1528 2852 1593 congrue

461 1604 584 1669 erit
625 1602 1054 1669 definiendus.

629 1704 806 1789 (VI.)
893 1700 1136 1771 S'extot
1214 1702 1527 1768 Liberum
1570 1702 1713 1786 erit,
1754 1724 1905 1767 eum
1946 1700 2187 1769 Sancta
2228 1702 2408 1771 Sede
2450 1704 2539 1771 de
2582 1707 2853 1793 negotiis

457 1803 926 1871 Ecclesiasticis
971 1802 1470 1884 communicare,
1508 1812 1701 1887 atque
1722 1802 2273 1892 Archiepiscopus
2310 1804 2382 1869 in
2416 1828 2535 1871 sua
2558 1806 2855 1873 Dioecesi
2946 1872 2948 1897 Ι

457 1913 524 1971 et
561 1903 906 1970 Provincia
961 1902 1418 1967 Ecclesiastico.
1439 1952 1458 1986 ,
1524 1902 1621 1967 uti
1668 1912 1737 1967 et
1772 1902 2085 1993 Episcopi
2138 1904 2207 1969 in
2270 1905 2537 1993 propria
2594 1908 2853 1992 quisque
2946 1928 2948 1957 ε

457 2004 762 2071 Dioecesi
811 2004 1008 2091 pleno
1035 2002 1176 2068 iure
1207 2002 1667 2091 Episcopalem
1700 2002 2215 2069 iurisdictionem
2244 2008 2675 2090 exercebunt,
2706 2027 2851 2091 quae
2946 2024 2948 2079 ξ

459 2106 642 2171 iuxta
687 2102 986 2171 Canones
1033 2126 1206 2169 nunc
1261 2104 1564 2190 vigentes
1624 2112 1693 2169 et
1740 2111 2153 2191 praesentem
2194 2103 2527 2171 Ecclesiae
2578 2105 2849 2193 discipli-

455 2228 606 2271 nam
655 2204 903 2271 eisdem
949 2205 1274 2291 competit.

627 2305 838 2392 (VII.)
923 2305 1108 2371 Haec
1145 2328 1343 2393 porro
1360 2353 1380 2388 ,
1442 2326 1608 2390 quac
1672 2314 1901 2371 tenore
1960 2306 2399 2393 praesentium
2440 2304 2851 2393 Apostolicae

457 2406 826 2475 Sanctionis
871 2408 1106 2473 robore
1151 2404 1641 2487 communimus,
1684 2404 1972 2471 districte
2016 2406 2414 2488 mandamus,
2457 2413 2534 2469 ut
2584 2404 2844 2473 Antisti-

449 2519 550 2575 tes
590 2531 666 2573 ac
707 2507 1008 2595 Capitula
1051 2516 1549 2573 memoratarum
1590 2505 1847 2571 sedium
1888 2506 1959 2571 in
2004 2506 2105 2591 iis,
2144 2504 2313 2592 quad
2356 2505 2443 2571 ad
2485 2506 2669 2594 ipsos
2710 2526 2842 2593 spe-

455 2618 646 2691 ctant,
686 2616 982 2698 accurate
1025 2629 1102 2673 ac
1143 2608 1501 2693 diligenter
1544 2615 1970 2691 exequantur,
2014 2616 2081 2671 et
2124 2614 2405 2671 servent.
2459 2606 2542 2671 Id
2584 2628 2746 2673 vero
2790 2612 2847 2669 et

456 2711 537 2773 ab
585 2706 1034 2774 serenissimis
1075 2707 1485 2794 Principibus
1528 2716 1705 2771 certa
1740 2704 2153 2793 iucundaque
2198 2728 2314 2795 spe
2359 2708 2843 2795 praestolamur,

453 2816 526 2871 ut
571 2807 805 2889 animo,
851 2829 978 2891 quo
1024 2815 1175 2871 sunt
1215 2828 1453 2891 magno
1498 2816 1567 2871 et
1603 2806 1866 2871 excelso
1914 2815 2107 2891 atque
2154 2807 2239 2872 ad
2273 2807 2671 2895 populorum
2714 2805 2841 2870 feli-

449 2906 708 2970 citatem
749 2904 1148 2993 operandam
1191 2906 1438 2971 intento
1480 2906 2093 2989 animadvertentes,
2136 2928 2415 2991 quonam
2442 2906 2689 2973 Nostra
2717 2913 2839 2969 toto

451 3006 576 3071 hoc
617 3005 688 3069 in
729 3005 996 3089 negotio
1039 3026 1186 3071 sese
1227 3006 1575 3093 protulerit
1612 3005 2055 3093 indulgentia,
2092 3007 2447 3074 benevolos
2490 3028 2563 3071 se
2598 3006 2670 3071 in
2716 3006 2841 3071 dies
2944 3016 2946 3089 ζ

453 3104 663 3189 magis
706 3107 1059 3192 praebeant
1100 3126 1258 3192 erga
1291 3105 1657 3171 Catholicos
1710 3106 2021 3190 subditos,
2068 3129 2229 3192 quos
2274 3116 2451 3173 certe
2496 3116 2561 3171 et
2602 3106 2755 3188 fide,
2788 3112 2845 3167 et
2945 3110 2946 3181 ζ

457 3205 776 3289 obsequio
799 3253 818 3287 ,
864 3214 930 3270 et
967 3206 1320 3274 obediendi
1366 3206 1553 3271 sudio
1598 3206 1718 3271 sibi
1766 3227 2085 3293 quamque
2129 3207 2411 3273 maxime
2454 3204 2841 3271 devinctissi-
2945 3194 2946 3223 ¹

460 3327 602 3371 mos
645 3314 940 3393 tempore
987 3308 1275 3392 quolibet
1320 3306 1791 3373 nanciscentur.

625 3404 878 3491 (Vm.)
959 3404 1410 3474 Decernentes
1484 3407 1748 3473 easdem
1790 3416 2165 3495 praesentes
2208 3406 2460 3473 Literas
2506 3405 2691 3473 nullo
2732 3424 2835 3467 un·

455 3530 648 3594 quam
686 3514 982 3594 tempore
1029 3506 1112 3571 de
1155 3508 1588 3596 subreptionis
1636 3516 1702 3573 ct
1746 3508 2164 3596 obreptionis,
2204 3516 2317 3573 aut
2341 3505 2655 3573 nullitatis
2696 3502 2838 3569 vitio

457 3608 686 3691 notari,
731 3616 842 3673 aut
885 3606 1252 3695 impugnari
1298 3627 1513 3695 posse,
1558 3608 1678 3673 sed
1718 3630 1981 3696 semper
2024 3609 2262 3691 firmaS,
2302 3608 2571 3691 validas,
2610 3616 2677 3673 et
2714 3603 2838 3670 effi-

453 3730 638 3773 caces
683 3709 986 3790 existere,
1028 3716 1094 3772 et
1135 3707 1313 3790 fore‘,
1357 3726 1489 3772 non
1526 3710 1929 3775 obstantibus
1972 3708 2371 3798 Apostolicis
2414 3707 2837 3794 generalibus,

451 3811 561 3875 vel
589 3809 972 3898 specialibus
1023 3808 1619 3892 constitutionibus,
1664 3819 1729 3874 et
1768 3810 2283 3877 ordinationibus
2304 3858 2325 3892 ,
2370 3832 2446 3877 ae
2490 3806 2725 3873 nostris
2764 3826 2829 3868 ac

453 3909 894 3977 cancellariae
917 3907 1340 3997 Apostolicae
1383 3910 1633 3995 regulis
1675 3910 2060 3999 praesertim
2090 3910 2173 3975 de
2211 3909 2353 3973 iure
2394 3908 2685 3993 quaesito
2718 3925 2837 3970 non

451 4010 742 4076 tollendo
804 4008 1202 4093 caeterisque
1263 4009 1456 4093 etiam
1523 4011 1789 4099 speciali
1856 4010 2185 4077 mentione
2244 4008 2461 4096 dignis
2518 4005 2835 4075 contrariis

453 4110 986 4196 quibuscumque.
1053 4109 1306 4193 Quibus
1353 4110 1649 4177 omnibus
1696 4119 1763 4175 et
1804 4110 2099 4198 singulis,
2142 4110 2407 4175 illorum
2432 4118 2691 4175 tenores
2726 4126 2833 4195 pro
2943 4148 2944 4165 1

457 4212 784 4299 expressis
831 4221 896 4277 et
940 4210 1023 4276 ad
1063 4212 1336 4277 verbum
1377 4210 1635 4275 insertis
1680 4211 2031 4294 habentes,
2104 4211 2237 4276 illis
2280 4209 2439 4275 alias
2475 4210 2545 4275 in
2582 4232 2699 4275 suo
2740 4228 2831 4271 ro-
2943 4196 2944 4278 ἶ

450 4313 610 4377 bore
653 4312 1092 4399 permansuris
1139 4311 1222 4379 ad
1262 4311 1766 4399 praemissorum
1802 4313 2105 4379 effectum
2132 4313 2445 4377 duntaxat
2482 4308 2834 4398 specialiter

449 4418 518 4473 et
555 4432 868 4496 expresse
909 4412 1320 4499 derogamus.
1363 4412 1684 4497 Volumus
1728 4412 1995 4502 insuper
2022 4460 2042 4495 ,
2086 4420 2161 4481 ut
2200 4410 2637 4500 praesentium
2668 4408 2827 4475 Lite-
