2959 4984
627 292 694 341 X.
767 292 1128 346 FRIDERIOI
1164 296 1232 345 ΙΙ.
1271 294 1885 349 GONFOED'ERATIO
1925 296 1989 347 A..
2030 294 2190 349 1220.
2534 295 2607 353 '79

201 453 504 519 omnibus
547 454 619 519 in
649 464 1058 544 perpetuum.
1101 458 1326 545 Digna
1355 459 1720 524 recolentes
1754 459 2335 546 animadversione,
2374 471 2611 547 quanta

199 553 494 619 efficacia
551 564 618 619 et
662 556 794 621 fide
842 556 1060 623 dilecti
1107 558 1340 624 fideles
1386 560 1591 625 nostri
1620 560 1947 648 principes
1982 562 2398 627 ecclesiastici
2422 564 2609 630 nobis

195 654 514 721 hactenus
557 656 917 739 astiterunt,
961 657 1045 722 ad
1087 658 1346 723 eulmen
1383 659 1639 747 imperii
1680 682 1801 724 nos
1834 660 2302 747 promovendo,
2343 684 2600 751 promo-

195 764 294 819 tos
361 755 432 819 in
491 756 634 843 ipso
683 756 1002 823 firmando
1022 807 1041 839 ,
1103 768 1170 821 et
1213 759 1476 825 demum
1520 760 1728 824 filium
1770 770 2067 826 nostrum
2112 762 2495 827 Heinricum
2536 764 2605 828 in

193 875 434 941 regem
498 856 620 921 sibi
679 866 746 921 et
800 858 1134 923 dominum
1191 860 1495 927 benivole
1552 872 1745 947 atque
1810 864 2218 929 concorditer
2258 865 2603 950 eligend03

193 956 572 1021 censuimus
591 1006 609 1039 ,
655 980 766 1023 eos
813 980 936 1047 per
979 981 1142 1043 quos
1185 962 1468 1047 promoti
1517 984 1756 1045 sumus,
1802 984 2061 1051 semper
2102 966 2603 1052 promovendos,

109 1096 118 1107 -
195 1065 262 1119 et
319 1078 448 1143 per
507 1079 668 1141 quos
711 1058 945 1123 firmati
991 1083 1268 1143 sumus,·
1313 1084 1444 1125 una
1487 1085 1633 1127 cum
1672 1063 1964 1151 ips-orum
2014 1065 2303 1129 ecclesiis
2347 1087 2608 1153 semper

195 1156 352 1221 fore
398 1167 619 1223 nostra
663 1158 1044 1224 defensione
1091 1169 1314 1225 contra
1353 1162 1549 1227 noxia
1592 1185 1848 1248 queque
1894 1164 2269 1231 firmandos

365 1257 584 1343 Igitur
628 1259 776 1344 quia
812 1259 882 1324 in
921 1282 1148 1325 eorum
1189 1263 1563 1347 gravamina
1604 1264 1882 1347 quedam
1939 1266 2439 1330 consuetudines
2459 1315 2478 1348 ,
2542 1276 2607 1329 et

191 1366 264 1422 ut
337 1359 562 1423 verius
632 1360 916 1425 dicamus
961 1362 1338 1444 abusiones,
1407 1384 1493 1426 ex
1536 1363 1734 1450 longa
1777 1366 2261 1452 perturbatione
2324 1366 2601 1453 imperii,

193 1480 326 1543 que
387 1479 509 1547 per
553 1460 682 1524 Dei
725 1461 1004 1547 gratiam
1045 1484 1220 1526 nunc
1267 1462 1513 1547 quievit
1554 1473 1619 1527 et
1660 1466 1931 1549 quiescit
1951 1515 1969 1545 ,
2038 1466 2472 1549 inoleverant,
2534 1466 2603 1529 in

197 1560 396 1625 novis
438 1561 762 1627 theloneis
781 1610 800 1643 ,
863 1561 934 1625 in
975 1562 1252 1626 monetis
1273 1611 1292 1644 ,
1339 1584 1466 1647 que
1513 1584 1582 1627 se
1625 1563 1905 1629 invicem
1952 1587 2037 1630 ex
2082 1566 2603 1632 similitudinibus

199 1660 594 1748 ymaginum
637 1660 973 1727 destruere
1025 1670 1497 1727 consueverant
1522 1711 1541 1745 ,
1590 1663 1660 1727 in
1703 1664 1960 1749 guerris
2003 1664 2492 1748 advocatorum,
2542 1674 2609 1729 et

190 1762 340 1827 aliis
381 1761 570 1827 malis
610 1782 883 1846 quorum
926 1783 1058 1827 non
1100 1770 1200 1826 est
1238 1784 1581 1846 numerus;
1627 1765 1875 1829 statutis
1906 1764 2307 1849 quibusdam,
2354 1765 2603 1830 eisdem

191 1861 615 1927 abusionibus
660 1862 1012 1929 obviamus.

370 1968 428 2032 1.
514 1966 736 2031 Primo
779 1967 1266 2055 promittenteS,
1317 1967 1495 2052 quod
1534 1988 1886 2051 numquam
1932 1966 2241 2055 deinceps
2284 1967 2351 2031 in
2398 1974 2609 2031 morte

191 2070 578 2153 cuiusquam
639 2068 950 2157 principis
982 2068 1426 2133 ecclesiastici
1488 2068 1797 2153 reliquias
1840 2090 1987 2132 suas
2036 2067 2195 2133 fisco
2234 2067 2602 2133 vendicabi-

193 2194 363 2236 mus.
439 2168 816 2233 Inhibentes
864 2168 1074 2251 etiam,
1119 2190 1204 2233 ne
1244 2169 1444 2234 laicus
1494 2170 1832 2252 quisquam
1876 2168 2091 2251 aliquo
2136 2175 2441 2254 pretextu
2486 2167 2605 2233 sibi

199 2293 308 2336 eas
350 2271 679 2349 vendicet,
747 2277 846 2334 set
887 2269 1121 2335 cedant
1163 2268 1560 2351 successori,
1608 2268 1661 2333 si
1703 2277 2073 2334 antecessor
2114 2268 2448 2332 intestatus
2492 2267 2603 2332 de-

201 2368 494 2432 cesserit.
561 2366 762 2433 Ouius
807 2376 1281 2451 testamentum,
1323 2368 1378 2433 si
1421 2367 1597 2453 quod
1635 2368 1789 2432 inde
1832 2368 2081 2449 fecerit,
2122 2366 2421 2432 volumus
2458 2389 2602 2433 esse

197 2476 432 2532 ratum.
527 2464 632 2554 [Si
669 2468 811 2553 quis
846 2490 1004 2534 vero
1077 2478 1298 2534 contra
1356 2469 1523 2534 hano
1562 2467 2090 2533 constitucionem
2134 2467 2441 2552 reliquias
2486 2468 2606 2533 sibi

197 2568 554 2633 vendicare
576 2568 1086 2656 presumpserit,
1126 2569 1528 2656 proscriptus
1574 2577 1641 2633 et
1683 2567 1883 2633 exlex
1926 2568 2256 2650 habeatur,
2301 2578 2366 2634 et
2405 2566 2601 2632 feodo

197 2669 338 2733 sive
379 2667 724 2751 beneficiO,
769 2668 823 2733 si
860 2668 1038 2753 quod
1077 2668 1292 2750 habet,
1338 2676 1716 2756 permaneat
1757 2664 2149 2753 destitutus]

369 2768 432 2833 2.
517 2768 686 2833 Item
730 2790 897 2833 nova
935 2769 1240 2833 thelonea
1283 2778 1348 2833 et
1385 2790 1587 2833 novas
1628 2776 1919 2833 monetas
1979 2768 2047 2831 in
2086 2768 2379 2855 ipsorum
2420 2765 2605 2831 terri-

197 2869 383 2933 toriis
451 2869 590 2933 sive
644 2868 1193 2934 iurisdictionibus
1214 2918 1234 2952 ,
1301 2869 1392 2933 eis
1447 2868 1827 2934 inconsultis
1886 2890 2003 2933 seu
2058 2868 2427 2933 nolentibus
2474 2888 2605 2931 non

203 2976 566 3033 statuemus
629 2968 711 3033 de
769 2958 1024 3051 cetero;
1089 2977 1190 3032 set
1253 2969 1513 3054 antiqua
1559 2969 1863 3033 thelonea
1911 2977 1977 3033 et
2017 2968 2158 3032 iura
2200 2976 2603 3032 monetarum

205 3090 434 3133 eorum
485 3070 776 3135 ecelesiis
823 3091 1159 3152 concessa,
1203 3070 1581 3134 inconvulsa
1626 3078 1691 3133 et
1726 3069 1916 3133 firma
1958 3068 2496 3149 conservabimuS,
2539 3075 2605 3131 et

205 3170 560 3252 tuebimur3
603 3192 726 3234 nec
763 3170 888 3259 ipsi
931 3192 1006 3234 ea
1047 3169 1497 3256 infringemUS,
1540 3191 1665 3235 nec
1708 3171 1787 3234 ab
1821 3169 1965 3233 aliis
1990 3168 2127 3233 ledi
2154 3168 2601 3256 permittemus

203 3270 412 3335 modis
459 3269 798 3353 aliquibus,
843 3278 1068 3357 utpote
1115 3279 1374 3334 monete
1425 3269 1671 3334 turbari
1719 3278 1785 3333 et
1826 3268 2121 3333 vilificari
2168 3269 2382 3333 solent
2430 3266 2601 3332 simi-

203 3368 584 3433 litudinibus
625 3370 1026 3455 ymaginum,
1076 3368 1252 3455 quod
1292 3369 1549 3455 penitus
1590 3368 2031 3456 prohibemus

373 3470 436 3533 3.
522 3466 688 3532 Item
747 3469 1081 3551 homineS,
1144 3490 1550 3555 quocumque
1606 3490 1851 3555 genere
1900 3468 2225 3533 servitutis
2267 3468 2423 3554 ipsis
2463 3465 2604 3530 atti-

205 3578 454 3651 nenteS,
500 3590 904 3653 quacumque
937 3592 1124 3633 eausa
1171 3590 1242 3633 se
1285 3571 1364 3633 ab
1409 3591 1635 3634 eorum
1680 3568 2003 3654 obsequiis
2046 3566 2487 3647 alienaverint,
2534 3565 2605 3629 in

204 3670 438 3735 nostris
501 3668 862 3735 civitatibus
916 3691 1050 3737 non
1107 3668 1499 3757 recipiemus
1518 3720 1537 3753 ,
1596 3669 1665 3734 in
1720 3692 1949 3735 eorum
2004 3666 2473 3757 preiudicium3
2540 3674 2605 3729 et

205 3769 376 3835 idem
443 3770 530 3835 ab
585 3768 744 3856 ipsis
785 3769 954 3835 inter
1001 3790 1072 3835 se
1093 3818 1112 3851 ,
1181 3769 1403 3855 eisque
1448 3794 1486 3835 a
1524 3770 1699 3835 laicis
1746 3770 2041 3835 omnibus
2058 3820 2077 3852 ,
2142 3764 2597 3833 inviolabiliter

205 3870 502 3935 volumus
547 3867 897 3934 observari.

359 3970 424 4034 4.
509 3968 681 4034 Item
717 3966 1074 4050 statuimus,
1117 3989 1200 4032 ne
1241 3968 1386 4053 quis
1429 3968 1769 4033 eeclesiam
1809 3968 2088 4053 aliquam
2128 3966 2198 4030 in
2240 3965 2425 4030 bonis
2466 3966 2597 4031 suis

209 4067 624 4157 dampnificet
651 4068 986 4134 occasione
1016 4066 1348 4133 advocatie
1385 4067 1765 4133 eorumdem
1798 4070 2149 4149 bonorum3
2186 4065 2304 4130 sed
2332 4066 2385 4130 si
2426 4065 2600 4130 dam-

207 4169 608 4255 pnificaverit
618 4217 639 4251 ,
689 4168 1042 4258 dampnum
1081 4166 1152 4233 in
1198 4168 1398 4257 duplo
1441 4168 1757 4251 restituat,
1800 4178 1865 4233 et
1906 4176 2163 4233 centum
2205 4189 2455 4231 mareas
2494 4191 2595 4231 ar—

209 4270 382 4353 genti
424 4290 682 4335 camere
724 4277 946 4334 nostre
989 4270 1214 4334 solvat.

361 4370 423 4435 5.
505 4368 680 4435 Item
737 4368 793 4433 si
848 4368 1080 4453 aliquis
1141 4390 1366 4433 eorum
1421 4370 1737 4435 vasallum
1792 4392 1979 4433 suum
1997 4418 2018 4452 ,
2084 4369 2193 4453 qui
2238 4390 2389 4434 eum
2429 4370 2599 4435 forte

212 4468 490 4553 offendit,
523 4469 668 4536 iure
697 4467 942 4535 feodali
981 4469 1379 4553 convenerit,
1411 4470 1593 4535 etsie
1625 4468 1893 4535 feodum
1932 4469 2220 4554 evicerit,
2262 4470 2428 4536 illud
2468 4471 2599 4535 suis
