2959 4984
536 301 651 352 XO.
728 301 973 354 CONST.
1014 301 1117 352 DE
1150 299 1445 352 mmcns
1487 299 1888 354 MATRIMON·
1927 301 1989 349 A.
2033 295 2190 352 1741.
2463 297 2562 354 581

151 469 445 536 vicinior
474 491 491 552 3
538 463 934 532 Matrimonii
972 463 1308 530 Defensor
1344 465 1448 547 sit,
1497 463 1610 549 qui
1645 466 1724 529 ab
1767 463 1928 552 ipsis
1971 462 2170 528 fuerit
2207 464 2570 552 deputatus,

150 566 719 654 quemadmodum
762 565 919 653 ipsis
964 566 1277 652 deputare
1316 565 1695 630 mandamus
1725 615 1745 649 ,
1803 573 1878 628 ut
1923 585 2086 649 quae
2127 587 2166 630 a
2207 563 2416 630 Nobis
2460 587 2563 631 su·-

146 667 381 756 perius
428 667 781 732 constituta
818 675 967 731 sunt
982 713 1002 747 ,
1063 685 1385 751 peragere
1428 663 1674 752 possit3
1714 664 1766 730 si
1807 671 2026 730 autem
2067 663 2297 730 Judex
2343 664 2414 728 in
2458 685 2556 730 se-

152 767 380 834 cunda
420 765 727 831 instantia
766 765 891 830 erit
924 764 973 832 J
974 764 1153 830 udex
1202 763 1718 846 commissarius,
1763 763 1868 828 cui
1909 787 1948 828 a
1989 762 2166 832 Sede
2187 762 2573 850 Apostolica

150 887 391 932 causae
434 865 728 952 cognitio
777 864 1161 930 demandata
1204 864 1321 946 sit,
1390 873 1455 928 et
1499 864 1610 948 qui
1653 862 1968 928 Tribunal
1984 909 2006 944 ,
2072 870 2138 926 et
2165 863 2564 947 jurisdictio-

148 989 311 1033 nem
352 964 745 1032 ordinariam
784 985 919 1030 non
963 965 1219 1049 habeat,
1260 973 1325 1028 et
1367 973 1718 1052 propterea
1761 972 1975 1028 careat
2013 962 2384 1030 Defensor-e
2426 964 2562 1030 Ma-

148 1065 469 1150 trimonii,
508 1065 832 1148 volumus,
876 1073 949 1128 ut
990 1064 1107 1130 illo
1128 1065 1498 1131 Defensore
1534 1063 1928 1129 Matrimonii
1967 1071 2205 1145 utatur,
2247 1063 2358 1148 qui
2407 1087 2560 1130 con-

150 1167 421 1232 stitutus
465 1163 667 1230 fuerit
710 1165 791 1228 ab
840 1162 1191 1232 Ordinario
1211 1215 1233 1247 ,
1289 1163 1359 1228 in
1416 1165 1600 1250 cujus
1642 1162 1953 1230 Dioecesi
2015 1185 2276 1228 causam
2319 1185 2558 1250 cogno·

150 1275 295 1332 scet
313 1317 335 1350 ,
400 1265 597 1330 etiam
640 1262 697 1328 si
733 1262 912 1330 idem
956 1261 1342 1330 Ordinarius
1388 1263 1516 1348 sit,
1567 1262 1683 1351 qui
1725 1263 2000 1351 primam
2041 1261 2448 1330 Sententiam
2489 1263 2561 1330 in

154 1367 396 1432 eadem
440 1385 637 1430 causa
678 1363 1229 1452 pronunciaverit.

328 1467 388 1547 ξ.
432 1465 531 1528 11.
615 1463 939 1528 Instructo
982 1472 1200 1528 autem
1242 1461 1313 1528 in
1354 1463 1532 1529 hunc
1572 1461 1839 1528 modum
1863 1461 2139 1547 judicic,
2181 1463 2238 1528 si
2269 1465 2556 1532 secunda

151 1563 509 1632 Sententia
550 1563 737 1628 alteri
784 1563 1139 1630 conformis
1184 1563 1423 1645 fuerit,
1468 1563 1595 1628 hoc
1639 1572 1756 1644 est,
1800 1563 1856 1627 si
1897 1562 1968 1627 in
2009 1563 2315 1646 secunda,
2357 1587 2566 1650 aeque

148 1689 233 1731 ac
274 1665 347 1730 in
386 1665 631 1752 prima,
687 1664 961 1748 nullum,
1008 1686 1083 1728 ac
1128 1662 1383 1731 irritum
1426 1663 1909 1728 matrimonium
1943 1663 2312 1748 judicatum
2351 1665 2568 1751 fuerit,

152 1776 227 1831 et
270 1762 355 1830 ab
402 1785 479 1829 ea
518 1763 679 1830 Pars
696 1815 717 1848 ,
758 1765 869 1830 vel
908 1764 1240 1830 Defensor
1280 1785 1401 1852 pro
1446 1786 1564 1829 sua
1605 1762 1996 1831 conscientia
2039 1785 2174 1828 non
2215 1765 2566 1833 crediderit

152 1863 653 1954 appellandum,
695 1865 805 1930 vel
846 1863 1352 1952 appellationem
1390 1861 1840 1950 interpositam
1881 1864 2408 1950 prosequendam
2447 1865 2564 1930 mi·

152 1967 364 2031 mime
422 1965 783 2030 censuerit:
846 1965 915 2030 in
968 1972 1325 2052 potestate,
1396 1973 1461 2028 et
1515 1963 1782 2028 arbitrio
1827 1961 2207 2050 Conjugum
2245 1965 2328 2031 sit
2367 1987 2565 2032 novas

153 2065 421 2154 nuptias
480 2065 893 2146 contraher03
960 2063 1315 2130 dummodo
1358 2063 1554 2130 alicui
1607 2084 1834 2128 eorum
1847 2111 1868 2147 ,
1933 2066 2016 2130 ob
2057 2065 2323 2150 aliquod
2363 2066 2566 2154 impe-

158 2167 529 2232 dimentum
545 2214 566 2250 ,
627 2165 736 2230 vel
775 2164 1139 2250 legitimam
1184 2185 1442 2230 causam
1482 2162 1557 2228 id
1594 2163 1870 2228 vetitum
1908 2184 2041 2228 non
2081 2164 2184 2230 sit.
2268 2165 2565 2232 Potestas

154 2276 381 2332 tamen
417 2274 568 2354 post
592 2266 863 2332 alteram
886 2265 1295 2332 Sententiam
1336 2268 1761 2350 conformem,
1805 2276 1878 2332 ut
1905 2289 2121 2354 supra,
2156 2265 2564 2350 Gonjugibus

154 2366 333 2432 facta
374 2365 818 2451 intelligatur,
863 2375 929 2430 et
972 2366 1188 2430 locum
1230 2366 1504 2450 habeat,
1549 2367 1728 2433 salvo
1773 2387 2034 2454 semper
2053 2414 2074 2450 ,
2123 2376 2188 2432 et
2230 2365 2420 2430 firmo
2462 2386 2562 2430 re·
2615 2395 2622 2403 ·

162 2472 475 2532 manente
506 2465 681 2550 jure,
718 2486 839 2530 seu
879 2466 1229 2553 privilegio
1274 2487 1614 2532 causarum
1654 2466 2238 2550 matrimonialium,
2281 2486 2444 2550 quae
2483 2467 2566 2534 ob

160 2565 633 2652 cujuscumque
688 2564 1004 2653 temporis
1058 2567 1311 2654 lapsum
1354 2586 1686 2652 nunquam
1731 2575 2068 2632 transeunt
2109 2566 2179 2630 in
2219 2587 2360 2631 rem
2392 2564 2566 2651 judi-

162 2673 419 2746 catam3
488 2664 605 2730 sed
646 2665 701 2730 si
744 2687 915 2730 nova
951 2686 1080 2750 res,
1126 2687 1293 2751 quae
1334 2689 1468 2732 non
1513 2667 1815 2749 deducta,
1856 2668 1966 2731 vel
2003 2667 2302 2754 ignorata
2343 2664 2564 2749 fuerit,

162 2763 536 2850 detegatur,
581 2766 825 2830 resumi
866 2775 1157 2854 possunt,
1198 2777 1265 2832 ct
1300 2788 1526 2832 rursus
1556 2768 1624 2833 in
1645 2767 2026 2854 judicialem
2055 2767 2564 2833 controversiam

156 2863 477 2929 revocari.
523 2864 721 2947 Quod
761 2864 817 2931 si
849 2890 888 2931 a
920 2866 1203 2932 secunda
1230 2866 1571 2936 Sententia
1611 2889 1810 2956 super
1849 2868 2166 2950 nullitate,
2208 2867 2316 2932 vel
2357 2866 2564 2932 altera

162 2963 331 3030 Pars
376 2964 837 3052 appellaverit,
903 2967 1013 3032 vel
1052 2967 1425 3052 hujusmodi
1469 2968 1586 3052 sit,
1655 2977 1728 3033 ut
1775 2968 1870 3051 ei,
1927 2969 2106 3034 salva
2147 2966 2556 3050 conscientia,

160 3065 495 3132 Defensor
541 3065 939 3136 Matrimonii
984 3068 1526 3153 acquiescendum
1567 3092 1700 3136 non
1737 3078 1943 3158 putet,
1986 3071 2094 3136 vel
2135 3070 2286 3155 quia
2319 3069 2441 3135 sibi
2466 3067 2559 3132 vi-

156 3163 359 3229 detur
401 3165 743 3231 manifeste
782 3167 1041 3252 injusta,
1082 3169 1191 3233 vel
1233 3168 1540 3252 invalida,
1583 3171 1692 3235 vel
1738 3171 1890 3255 quia
1928 3170 2126 3236 fuerit
2166 3171 2298 3234 lata
2329 3169 2400 3234 in
2430 3178 2554 3234 ter-

156 3263 251 3329 tia
292 3262 600 3330 instantia
620 3315 639 3347 ‚
690 3275 755 3330 et
798 3267 881 3332 sit
922 3267 1323 3334 revocatoria
1362 3269 1626 3335 alterius
1669 3270 2122 3356 praecedentis
2163 3290 2360 3358 super
2403 3267 2562 3333 vali-

156 3361 365 3428 ditate
403 3362 473 3428 in
512 3365 797 3430 secunda
836 3365 1139 3431 instantia
1178 3377 1514 3432 emanatae
1527 3417 1548 3451 ,
1593 3369 1923 3449 volumus,
1967 3379 2074 3451 ut,
2116 3369 2308 3434 firma
2347 3391 2557 3436 rema-

154 3471 358 3528 nente
401 3463 661 3549 utrique
719 3465 1005 3553 Conjugi
1064 3468 1500 3556 prohibitione
1541 3468 1626 3534 ad
1665 3469 1823 3534 alias
1862 3469 2240 3535 transeundi
2281 3470 2559 3558 nuptias,

156 3585 319 3649 quas
367 3562 419 3630 si
464 3567 845 3632 contrahere
884 3568 1023 3634 ausi
1068 3570 1344 3653 fuerint,
1389 3571 1620 3658 poenis
1641 3619 1662 3654 ‚
1701 3579 1778 3636 ut
1814 3572 2180 3660 praefertur
2197 3619 2218 3654 ,
2265 3594 2304 3635 a
2344 3568 2554 3636 Nobis

158 3664 527 3731 constitutis
566 3668 835 3732 subesse
875 3666 1310 3753 decernimus,
1353 3693 1545 3736 causa
1585 3671 1654 3736 in
1685 3672 1893 3753 tertia,
1929 3673 2042 3736 vel
2062 3680 2294 3758 quarta
2316 3671 2556 3736 instan-

150 3764 245 3830 tia
286 3775 753 3852 cognoscatur,
816 3769 1085 3834 servatis
1142 3769 1497 3858 diligenter
1543 3773 1840 3838 omnibus
1859 3820 1880 3855 ‚
1945 3793 2112 3858 quae
2156 3796 2196 3837 a
2232 3771 2438 3840 Nobis
2483 3771 2554 3834 in

150 3864 385 3954 prima,
436 3876 502 3932 et
544 3867 829 3932 secunda
870 3867 1175 3934 instantia
1224 3871 1612 3940 demandata
1661 3873 1944 3957 fuerunt,
1985 3892 2245 3961 nempe,
2285 3871 2356 3936 in
2399 3892 2552 3956 quo-

150 3966 321 4031 libet
348 3967 642 4051 judiciali
686 3977 874 4053 actu,
916 3969 1144 4053 citato,
1190 3979 1257 4036 et
1296 3972 1516 4038 audito
1555 3973 1926 4040 Defensore
1971 3970 2392 4054 matrimonii,
2439 3970 2551 4056 qui

150 4091 193 4132 a
232 4063 285 4134 J
284 4067 475 4134 udice
514 4067 746 4134 tertiae
787 4070 1133 4136 instantiae
1176 4071 1526 4160 deputatus
1565 4073 1782 4140 fuerit.

324 4169 385 4247 §-
432 4167 532 4235 12.
616 4169 947 4236 Defensor
992 4180 1207 4236 autem
1252 4171 1667 4256 Matrimonii,
1716 4195 1910 4259 quem
1953 4172 2038 4240 ad
2083 4194 2316 4240 munus
2359 4193 2549 4236 suum

148 4266 360 4354 gratis
402 4269 775 4334 obeundum
818 4293 939 4358 pro
980 4293 1203 4338 amore
1240 4272 1391 4356 Dei,
1442 4281 1510 4338 ct
1551 4274 1836 4360 proximi
1873 4273 2175 4356 utilitate,
2219 4280 2286 4337 et
2321 4269 2545 4338 Eccle-

150 4367 289 4436 siae
333 4368 701 4434 reverentia
724 4417 746 4452 ‚
810 4371 879 4436 in
920 4370 1207 4438 Domino
1252 4373 1673 4438 exhortamur
1694 4422 1715 4456 ,
1775 4373 1830 4440 si
1875 4395 2142 4462 operam
2183 4395 2366 4440 suam
2408 4370 2549 4438 sine

150 4468 462 4536 mercede
480 4518 501 4554 ,
560 4479 673 4536 aut
709 4469 943 4538 salario
962 4519 982 4555 ,
1028 4472 1246 4559 aliqua
1284 4493 1371 4540 ex
1406 4495 1599 4540 causa
1641 4473 1954 4541 exhibere
1989 4472 2388 4540 recusaverit
2404 4520 2425 4556 ,
2468 4474 2548 4540 ab
