2959 4984
416 305 521 363 322
958 296 1591 353 onnassnmmscm:
1628 296 2287 349 KIROHENPROVINZ.

597 472 659 551 ἓ.
702 466 806 533 25.
890 464 1222 551 Dagegen
1280 462 1430 527 darf
1479 463 1590 529 bei
1632 462 1751 528 der
1794 460 2237 548 Ausfiihrung
2291 460 2509 526 dieser
2559 462 2833 528 Bestim-

418 590 624 653 mung
663 566 892 632 weder
933 562 1242 632 Unseren
1286 562 1897 647 Majesffitsrechten
1924 609 1945 644 ,
2020 561 2274 625 welche
2316 560 2471 625 Wir
2508 562 2833 629 hiedureh

419 668 526 734 fiir
565 662 1152 731 immerw'ahrende
1177 662 1408 727 Zeiten
1447 661 1910 727 ausdriicklich
1929 661 2251 747 'gewahrt
2289 660 2528 727 wissen
2566 664 2833 746 wellen,

417 766 692 851 Eintrag
735 762 1148 851 geschehen,
1211 761 1382 827 noch
1440 762 1569 827 den
1627 760 1983 847 gesetzlich
2044 762 2493 826 anerkannten
2534 763 2834 830 Rechten

417 868 599 932 einer
655 865 903 931 andern
943 862 1200 928 Kirche
1260 862 1423 927 oder
1464 860 1855 928 Confession
1928 861 2269 927 innerhalb
2326 861 2507 926 ihrer
2550 862 2833 948 eigenen

421 966 678 1055 Sphare
722 965 892 1030 nahe
935 971 1240 1049 getreten
1278 961 1570 1026 werden.

593 1066 916 1153 Gegeben
975 1064 1044 1128 in
1082 1062 1380 1129 Unserer
1425 1060 1695 1152 Haupt·
1760 1062 1899 1127 und
1941 1062 2439 1129 Residenzstadt
2480 1061 2687 1125 Wien
2731 1084 2835 1125 am

421 1167 651 1231 achten
691 1165 887 1253 April
937 1164 1028 1227 im
1071 1162 1473 1228 Eintausend
1518 1162 1981 1229 Achthundert
2038 1164 2143 1227 ein
2204 1161 2344 1227 und
2400 1161 2836 1246 sechzigsten‚

417 1264 712 1331 Unserer
749 1264 1132 1350 Regierung
1173 1263 1262 1327 im
1307 1263 1732 1328 dreizehnten
1772 1262 2001 1330 Jahre.

1014 1379 1284 1445 Franz
1327 1380 1649 1467 ‚Ioseph
1696 1369 1781 1444 m.
1822 1400 1891 1467 p.
1994 1378 2098 1462 (L.
2142 1378 2245 1465 S.)

1637 1494 2017 1583 Erzherzog
2058 1494 2300 1561 Rainer
2336 1519 2424 1561 m.
2468 1520 2536 1585 p.

773 1595 1194 1681 Schmerling
1233 1618 1318 1661 m.
1358 1620 1423 1683 p.
1509 1594 1891 1681 Degenfeld
1934 1618 2018 1661 m.
2063 1619 2127 1683 p.
2175 1593 2417 1661 F.Z.M.

1589 1712 1733 1779 Aut·
1771 1712 2237 1779 Allerhochste
2286 1712 2745 1799 Anordnung:

1650 1812 1704 1877 F
1704 1813 1957 1881 reiherr
1998 1836 2060 1879 V.
2102 1814 2479 1880 Rausonnet
2522 1838 2608 1879 m.
2636 1838 2700 1903 p.

426 2037 565 2105 LV.
653 2034 909 2102 Bulla
975 2031 1802 2121 circumscriptionis
1867 2031 2423 2098 Dioecesium
2478 2032 2823 2097 Provin-

748 2135 926 2201 ciae
973 2133 1643 2199 Ecclesiasticae
1691 2133 2176 2221 superioris
2220 2132 2493 2197 Rheni

1209 2235 1274 2301 d.
1321 2236 1420 2301 16.
1465 2236 1821 2323 August.
1870 2234 2051 2299 1821.

886 2389 1043 2453 Pius
1086 2386 1470 2475 EpiscOPUS,
1518 2385 1766 2453 Servus
1811 2382 2171 2451 Servorum
2212 2384 2361 2450 Dei.

1040 2537 1154 2602 Ad
1195 2537 1591 2625 Perpetuam
1630 2536 1753 2603 Rei
1794 2535 2200 2601 Memoriam.

593 2656 704 2741 (I.)
790 2655 1072 2719 Provida
1129 2655 1466 2738 solersque
1528 2653 1969 2719 Romanorum
2009 2652 2400 2719 Pontificum
2462 2650 2837 2718 sollicitudo

425 2755 494 2819 in
534 2755 613 2819 iis
663 2753 1162 2841 componendis,
1227 2762 1292 2817 et
1337 2752 1747 2835 ordinandis,
1794 2774 1959 2838 quae
2004 2752 2089 2817 ad
2136 2752 2455 2841 aptiorem
2502 2751 2832 2817 Dominici

428 2850 671 2938 Gregis
726 2851 1114 2934 custodiam,
1173 2872 1248 2915 ac
1313 2852 1837 2937 procurationem
1880 2872 1965 2917 ex
2014 2852 2155 2939 ipsa
2200 2852 2393 2916 etiam
2436 2860 2832 2937 temporum,

425 2974 501 3016 ac
544 2951 836 3016 locorum
877 2958 1106 3016 natura
1151 2950 1359 3036 magis
1407 2952 1723 3039 expedire
1772 2950 2275 3037 dignoscantur,
2342 2972 2455 3016 eos
2498 2950 2711 3037 adigit
2750 2952 2830 3017 ad

427 3072 630 3115 novos
675 3049 1094 3140 Episcopales
1142 3046 1355 3115 Sedes
1407 3051 1805 3136 quandoque
1850 3051 2329 3116 constituendas
2344 3098 2365 3134 ,
2438 3058 2505 3115 et
2550 3051 2836 3135 quando-

431 3172 555 3235 que
594 3150 849 3216 illarum
885 3151 1132 3237 aliquas
1161 3150 1665 3233 transferendas,
1706 3159 1779 3215 ut
1812 3150 2104 3217 Domino
2128 3150 2357 3217 messis
2387 3150 2838 3234 benedicente,

431 3249 678 3338 aptiora
706 3252 944 3319 exinde
973 3253 1043 3318 in
1065 3251 1314 3318 Fidelis
1335 3250 1573 3340 Populi
1617 3251 1956 3339 spirituale
1986 3253 2228 3317 bonum
2255 3250 2581 3339 praesidia
2604 3264 2841 3337 queant

434 3352 810 3440 comparari.
855 3350 1090 3418 Statim
1135 3376 1210 3418 ac
1252 3354 1470 3438 itaque
1514 3350 1773 3417 reddita
1808 3350 1931 3415 fuit
1964 3350 2357 3419 Germaniae
2385 3350 2837 3436 tranquillitaS,

431 3450 591 3535 Noe,
635 3451 720 3515 ad
766 3452 1244 3539 componendas
1290 3474 1396 3517 res
1423 3450 1927 3533 EcclesiasticaS,
1970 3450 2039 3515 in
2094 3449 2443 3539 praeterita
2471 3460 2835 3539 temporum

435 3551 814 3635 calamitate,
857 3554 1283 3635 perturbataS,
1326 3553 1633 3617 continuo
1682 3550 2041 3616 direximus
2088 3574 2272 3615 curas
2294 3550 2593 3635 Nostras,
2630 3552 2837 3637 iisque

437 3652 505 3717 in
550 3650 860 3717 Bavariae
912 3650 1143 3737 Regno
1159 3701 1178 3734 ,
1251 3660 1523 3736 quatuor
1578 3651 1814 3717 abhinc
1870 3651 2052 3717 annis
2101 3660 2465 3740 opportune
2506 3652 2836 3735 ordinatis,

435 3751 709 3817 Nostras
755 3753 998 3840 pariter
1045 3749 1521 3817 sollicitudines
1572 3754 1813 3837 absque
1859 3773 2041 3817 mora
2086 3752 2521 3817 convertimus
2562 3751 2645 3817 ad
2691 3752 2835 3817 illos

442 3874 666 3917 omnes
720 3851 1148 3918 Orthodoxae
1197 3849 1387 3916 Fidei
1411 3848 1714 3917 Cultores
1757 3852 1865 3937 qui
1918 3861 2063 3917 actu
2108 3852 2380 3917 subsunt
2422 3852 2833 3917 dominationi

442 3951 1024 4019 Serenissimorum
1060 3950 1457 4039 Principum,
1502 3954 1911 4037 Statuumque
1935 3950 2344 4035 Germaniae,
2385 3974 2625 4041 nempe
2638 3953 2833 4039 Regis

436 4052 1009 4139 Wirtembergiae,
1053 4049 1278 4137 Magni
1308 4050 1515 4115 Ducis
1558 4050 1896 4135 Badensis,
1936 4050 2257 4115 Elector-is
2280 4050 2578 4136 Hassiae,
2618 4052 2833 4140 Magni

432 4154 638 4219 Ducis
662 4152 954 4237 Hassiae,
979 4152 1184 4218 Ducis
1216 4150 1593 4233 Nassoviae,
1624 4150 1899 4216 Liberae
1935 4148 2228 4217 Civitatis
2257 4149 2835 4237 Francofurtensis,

413 4254 658 4341 'Magni
683 4254 890 4321 Ducis
915 4254 1471 4343 Megalopolitani,
1517 4254 1773 4319 Ducum
1824 4252 2173 4337 Saxoniae,
2218 4254 2423 4319 Ducis
2467 4253 2835 4322 Oldenbur-

441 4355 685 4439 gensis,
733 4354 1054 4443 Principis
1103 4354 1619 4437 Waldeccensis,
1666 4378 1740 4419 ac
1780 4354 2162 4423 Liberarum
2184 4352 2536 4421 civitatum
2554 4356 2834 4423 Hansea·

439 4451 729 4533 ticarum,
757 4454 1216 4539 Lubeccensis,
1263 4466 1327 4521 et
1357 4456 1751 4539 Bremensis,
1794 4458 1901 4542 qui
1946 4479 2088 4523 esse
2133 4466 2391 4545 paratos
2436 4456 2839 4525 ostendendo
