2959 4984
473 261 742 313 nxxvn.
813 261 1060 314 BULLA
1100 259 1240 314 PRO
1281 259 1529 314 REGNO
1566 257 2062 314 noscovrflco
2096 261 2159 314 A.
2199 257 2355 314 1848.
2488 259 2589 316 4⁷1

199 427 730 514 Zytomericensi·
771 427 1110 512 conjuncta
1123 474 1143 509 ,
1209 425 1711 520 Camenecensis
1737 478 1756 513 ,
1802 427 2089 514 itemque
2136 424 2606 492 chersonensis

206 527 507 593 Ecclesia
557 549 736 593 nune
779 527 1062 614 primum
1119 534 1194 591 ut
1243 526 1414 592 infra
1471 525 1789 613 erigenda
1826 525 2283 616 Episcopalem
2330 525 2605 612 dignita-

198 637 360 713 tem,
405 635 472 692 et
503 627 654 713 jura
691 625 976 691 habeant
995 677 1016 710 ,
1082 645 1159 691 ac
1200 625 1619 713 suffraganea
1654 627 1785 693 sint
1826 627 2028 716 ipsius
2068 623 2607 714 Metropolitanae

204 725 540 792 Ecclesiae
573 725 1085 792 Mohiloviensis.
1145 723 1244 793 Ut
1284 735 1501 790 autem
1544 735 1727 791 recta
1768 725 2145 792 earumdem
2184 725 2603 793 Dioecesium

201 827 518 892 habeatur
558 825 1084 914 circumscriptio,
1127 847 1292 911 quae
1335 824 1404 892 in
1445 825 1771 892 utiliorem
1812 825 1909 890 rei
1951 847 2168 892 sacrae
2202 826 2599 914 procuratio-

201 947 358 992 nem
403 925 594 991 cedat
609 977 629 1010 ,
673 925 936 1012 praevia
976 925 1320 1012 regionum
1341 976 1360 1010 ,
1397 947 1474 990 ac
1512 925 1803 991 locorum
1845 925 2130 992 omnium
2172 925 2600 1011 disjunctione

203 1026 359 1092 huie
399 1046 607 1090 novae
653 1023 951 1090 divisioni
993 1025 1357 1090 necessaria
1377 1075 1396 1110 ‚
1455 1025 1743 1110 itemque
1804 1045 2361 1112 quorumcumque
2399 1025 2599 1092 inter·-

203 1145 352 1191 esse
419 1125 790 1190 habentium
849 1125 1189 1192 consensui
1251 1125 1446 1212 plene
1506 1126 1913 1214 supplentes,
1974 1123 2243 1209 aliisque
2301 1123 2598 1192 omnibus

199 1225 430 1312 quavis
468 1223 797 1290 mentione
822 1275 842 1310 ,
913 1247 988 1289 ac
1035 1223 1459 1311 derogatione
1510 1224 1725 1311 dignis
1788 1224 1859 1290 in
1900 1224 2293 1290 contrarium
2334 1223 2596 1290 minime

201 1325 604 1392 obstantibus
626 1377 644 1408 ,
692 1325 922 1410 quibus
969 1344 1282 1412 expresse
1321 1324 1712 1410 derogamus
1734 1373 1755 1408 ‚
1794 1323 2165 1412 hujusmodi
2206 1345 2438 1389 novam
2477 1345 2599 1413 pro

204 1427 500 1492 locorum
521 1475 540 1508 ,
609 1425 674 1488 et
715 1423 1059 1510 regio-num
1103 1433 1268 1488 statu
1286 1475 1306 1508 ,
1369 1447 1446 1489 ac
1488 1423 1733 1489 maiore
1788 1423 2051 1488 illorum
2093 1424 2385 1490 fidelium
2428 1422 2599 1490 utili-

199 1533 358 1610 tate,
398 1524 772 1590 earumdem
801 1525 880 1589 ,in
901 1523 1210 1590 Russiaco
1246 1523 1533 1612 Imperio
1579 1522 2019 1589 Ecclesiamm
2063 1523 2600 1609 distributionem,

200 1627 622 1715 ipsarumque
667 1623 1048 1689 divisionem
1092 1643 1216 1712 per
1254 1624 1370 1688 has
1400 1623 1682 1688 Litteras
1729 1623 1809 1688 de
1856 1623 2149 1710 ejusdem
2177 1623 2597 1712 Apostolicae

198 1724 542 1815 potestatis
583 1723 989 1812 plenitudine
1032 1723 1442 1790 decernimus
1509 1733 1575 1788 et
1620 1723 2069 1789 constituimus
2102 1724 2294 1809 juxta
2332 1722 2597 1790 modum

205 1825 322 1911 qui
362 1823 674 1908 sequitur,
711 1823 1062 1888 videlicet:

369 1924 871 2014 Metropolitana
912 1921 1403 2006 Mobiloviensis
1449 1921 1745 1988 Ecclesia
1804 1923 2229 2012 amplectatur
2284 1945 2414 1990 una
2456 1945 2601 1990 cum

197 2045 450 2111 magno·
501 2023 884 2090 Finlandiae
927 2023 1188 2090 Ducatu
1245 2043 1354 2088 eas
1409 2043 1637 2088 omnes
1694 2021 1986 2090 Russiaci
2044 2023 2314 2112 Imperii
2359 2033 2601 2113 partes,

197 2145 366 2210 quae
406 2123 476 2188 in
513 2123 654 2190 aliis
699 2143 818 2188 sex
858 2123 1203 2189 nominatis
1248 2121 1677 2189 Dioecesibus
1718 2145 1852 2188 non
1896 2123 2327 2189 continentur.

366 2223 772 2314 Episcopalis
815 2223 1111 2290 Ecclesia
1154 2221 1509 2290 Wilnensis
1552 2245 1666 2290 eos
1704 2223 1938 2289 habeat
1977 2223 2144 2290 fines
2186 2224 2419 2309 quibus
2455 2221 2592 2291 Gru-

193 2323 427 2392 bernia
469 2323 736 2390 Wilnae
753 2376 774 2410 ,
819 2334 886 2390 et
929 2323 1186 2391 Grodni
1230 2323 1437 2409 vulgo
1482 2322 1761 2391 Grodno
1807 2323 1878 2388 in
1918 2323 2287 2411 praesentia
2324 2323 2592 2388 circum-

205 2425 597 2490 scribuntur.
1267 2451 1272 2458 ·

363 2523 768 2612 Episcopalis
809 2523 1104 2590 Ecclesia
1138 2521 1697 2610 Samogitiensis
1676 2523 1756 2588 ris
1801 2521 2115 2590 constabit
2158 2521 2417 2607 finibus,
2455 2519 2593 2608 qui-

197 2626 321 2689 bus
364 2621 704 2690 Gubernia
735 2623 1125 2691 Ourlandiae
1138 2671 1158 2706 ,
1227 2633 1292 2688 et
1335 2623 1559 2692 Kovni
1616 2625 1820 2710 vulgo
1867 2623 2125 2690 Kowno
2190 2645 2365 2687 nunc
2407 2643 2595 2726 prae-

197 2721 535 2790 finiuntur.

366 2820 770 2909 Episcopalis
807 2819 1100 2886 Ecclesia
1139 2821 1526 2954 Minscensis
1569 2821 1903 2889 hodiernis
1928 2820 2250 2889 Gubernii
2275 2821 2597 2887 Minscen-

199 2919 292 2986 sis
334 2919 644 2988 limifibus
684 2919 1052 2987 definietur.

366 3017 790 3108 Episcopalis
810 3019 1103 3087 Ecclesia
1143 3022 1508 3089 Luceorina
1551 3045 1699 3088 cum
1737 3023 2215 3111 Zytomeriensi
2256 3021 2593 3108 conjuncta

204 3117 528 3182 constabit
561 3117 876 3184 limitibus
919 3141 1082 3205 quos
1119 3121 1398 3188 Kioviae
1459 3133 1533 3188 et
1574 3121 1875 3190 Voliniae
1920 3121 2257 3190 Gubernia
2298 3124 2369 3190 iu
2409 3143 2595 3211 prae-

195 3238 350 3282 sens
393 3217 651 3284 habent.

364 3315 768 3406 Episcopalis
803 3315 1097 3384 Ecclesia
1137 3315 1637 3385 Camenecensis
1685 3319 2033 3388 definietur
2076 3321 2311 3390 finibus
2338 3372 2358 3407 ,
2432 3345 2595 3410 quos

205 3416 278 3482 in
327 3418 692 3504 praesentia
729 3417 1004 3484 Podolia
1049 3417 1453 3486 Gubernium
1494 3419 1709 3486 habet.

368 3517 838 3583 Verumtamen
901 3519 1199 3584 volumus
1261 3509 1344 3584 ut'
1393 3529 1934 3588 commemoratae
1992 3545 2203 3612 nuper
2241 3522 2595 3605 Ecclesiae,

199 3637 442 3705 nempe
480 3616 984 3706 Metropolitana
1023 3617 1513 3685 Mohiloviensis
1530 3669 1551 3701 ,
1632 3628 1701 3686 et
1754 3621 1917 3686 aliae
1964 3622 2247 3708 quinque
2316 3622 2385 3688 in
2428 3622 2591 3688 Rus·

199 3716 372 3782 sicco
429 3717 716 3806 Imperio
772 3719 908 3803 jam
977 3718 1330 3784 existentes
1389 3719 1623 3786 iisdem
1670 3719 2271 3808 Suffraganeatibus
2330 3721 2591 3798 omnino

204 3817 514 3904 polleant,
555 3817 759 3883 veluti
801 3828 990 3884 antea
1033 3819 1478 3908 potiebantur,
1521 3821 1711 3886 firmo
1754 3829 2133 3886 remanente·
2174 3821 2439 3886 illorum
2476 3844 2592 3887 nu-

197 3935 414 3999 mero,
472 3915 1002 3984 denominatione
1043 3941 1117 3983 ac
1157 3919 1509 3985 residentia
1532 3967 1551 4002 ,
1616 3919 2163 4006 quemadmodum
2200 3919 2271 3985 in
2318 3941 2595 3987 comme-

199 4015 468 4081 moratis
507 4015 618 4082 fel.
663 4039 796 4082 rec.
840 4017 942 4082 Pii
959 4019 1077 4084 VI.
1099 4017 1485 4084 Decessoris
1528 4019 1753 4086 Nostri
1796 4020 2061 4086 Litteris
2108 4029 2411 4086 statutum
2454 4021 2593 4107 fuit,

197 4115 278 4180 iis
321 4124 574 4180 tantum
615 4117 924 4183 adhibitis
957 4117 1514 4185 immutationibus
1522 4169 1543 4205 ‚
1602 4141 1767 4206 quae
1812 4121 1897 4186 ob
1936 4141 2173 4185 novam
2218 4119 2593 4188 earumdem

197 4216 620 4284 Dioecesium
661 4217 1319 4307 circumscriptionem
1375 4220 1593 4286 locum
1646 4219 1887 4287 habere
1938 4221 2181 4286 debent
2206 4269 2227 4304 ,
2297 4240 2592 4308 quaeque

199 4305 457 4383 Nostris
518 4315 700 4382 hisce
762 4317 1026 4384 Litteris
1079 4318 1464 4386 indicantur.
1550 4319 2049 4408 Metropolitana
2099 4322 2587 4390 Mohiloviensis

195 4426 326 4484 tres
363 4415 910 4502 suffrag-ansatus
951 4419 1206 4488 retinet.
1293 4417 1460 4488 Cum
1500 4429 1717 4488 autem
1751 4431 1923 4488 unus
1966 4443 2053 4490 ex
2092 4421 2250 4512 ipsis
2292 4421 2583 4491 residen-
