2959 4984
583 297 831 348 xxxm.
908 295 1403 349 CONCORDATA
1440 297 1804 349 BAVARIGA
1840 298 1902 349 Δ.
1945 294 2102 351 1817.
2450 295 2553 349 211

148 458 488 523 occasione
556 460 637 525 ab
686 459 984 525 omnibus
1024 460 1241 545 Regni
1282 458 1762 545 Magistratibus
1823 460 2136 548 peculiari
2193 462 2559 527 reverentia

144 566 345 643 atque
387 558 639 625 honore
685 581 913 625 eorum
956 559 1256 645 dignitati
1300 559 1522 625 debito
1569 582 1714 624 cum
1750 559 1909 647 ipsis
1951 567 2201 645 agatur.

325 657 475 723 Art.
518 656 673 721 XV.
779 657 1278 746 Archiepiscopi
1348 666 1415 723 et
1455 658 1764 746 Episcopi
1823 681 2040 723 coram
2106 657 2316 743 Regia
2357 658 2557 723 Maie-

147 766 319 823 state
361 758 795 823 iuramentum
841 757 1171 823 fidelitatis
1220 760 1516 826 emittent
1571 760 1990 844 sequentibus
2032 759 2248 824 verbis
2296 779 2559 846 expres-

142 881 328 923 sum:
374 858 563 945 „Ego
606 859 751 924 iuro
800 868 865 924 et
905 860 1212 947 promitto
1258 859 1341 925 ad
1389 858 1628 927 Sancta
1669 860 1800 925 Dei
1842 858 2204 943 Evangelia
2248 858 2555 926 obedien-

146 958 345 1037 „tiam
390 967 458 1021 et
498 957 881 1023 fidelitatem
918 959 1168 1045 Regiae
1222 960 1575 1044 Maiestati3
1635 960 1816 1023 idem
1859 958 2206 1048 promitte,
2265 980 2371 1023 me
2413 959 2555 1024 nul-

144 1059 323 1137 „lam
364 1058 1015 1124 communicationem
1054 1060 1423 1125 habiturum
1445 1110 1465 1144 ,
1529 1060 1826 1146 nullique
1884 1058 2154 1124 consilio
2215 1058 2556 1123 interfutu-

146 1182 339 1238 „rum
356 1207 378 1242 ,
436 1158 813 1243 nullamque
873 1169 1236 1247 suspectam
1276 1161 1589 1225 unionem
1631 1181 1846 1246 neque
1901 1159 2070 1223 intra
2113 1179 2330 1244 neque
2370 1166 2559 1223 extra

146 1267 728 1339 „conservaturum
749 1307 769 1341 ,
834 1280 999 1344 quae
1051 1260 1497 1345 tranquillitati
1558 1260 1857 1348 publicae
1898 1266 2128 1324 noceat
2151 1307 2171 1341 ,
2231 1266 2296 1322 et
2335 1258 2389 1322 si
2431 1266 2560 1321 tam

146 1357 259 1437 „in
302 1356 612 1421 Dioecesi
650 1378 797 1421 mea
840 1380 1033 1441 quam
1072 1359 1227 1424 alibi
1267 1360 1564 1425 noverim
1605 1359 1850 1445 aliquid
1891 1360 1960 1425 in
1984 1356 2208 1425 Status
2255 1359 2561 1424 damnum

146 1456 475 1539 „tractari,
521 1456 841 1522 Maiestati
881 1456 1056 1524 Suae
1096 1458 1584 1526 manifestabo.“

317 1555 467 1621 Art.
512 1556 699 1621 XVI.
782 1556 915 1621 Per
972 1566 1385 1646 praesentem
1432 1558 1948 1626 Conventionem
2000 1560 2186 1645 leges
2214 1606 2234 1640 ,
2303 1556 2557 1623 ordina-

144 1656 361 1723 tiones
408 1664 475 1747 et
518 1655 781 1721 decreta
816 1658 887 1721 in
919 1658 1195 1725 Bavaria
1235 1660 1365 1725 huc
1404 1680 1616 1744 usque
1657 1660 1805 1744 lata,
1847 1660 1917 1723 in
1959 1667 2267 1744 quantum
2304 1657 2404 1725 illi
2445 1658 2556 1722 ad-

143 1764 511 1839 versantur,
554 1757 864 1841 abrogata
904 1759 1333 1825 habebuntur.

316 1856 469 1921 Art.
514 1855 737 1921 XVII.
828 1856 1107 1924 Caetera
1150 1881 1315 1945 quae
1354 1860 1441 1927 ad
1480 1882 1589 1927 res
1631 1868 1698 1925 et
1736 1882 2048 1948 personas
2093 1859 2556 1926 ecclesiasticas

142 1964 487 2042 spectant,
532 1974 807 2039 quorum
854 1958 1037 2023 nulla
1076 1960 1145 2023 in
1191 1960 1295 2025 his
1340 1960 1626 2025 articulis
1670 1982 1984 2048 expressa
2020 1960 2188 2026 facta
2235 1968 2336 2023 est
2373 1981 2553 2035 men,-

154 2055 280 2139 tic,
350 2054 719 2141 dirigentur
762 2057 979 2123 omnia
1022 2068 1091 2123 et
1128 2059 1745 2132 administrabuntur
1805 2062 1986 2125 iuxta
2035 2058 2392 2132 doctrinam
2431 2059 2554 2125 Ec-

150 2155 391 2221 clesiae
407 2202 427 2235 ,
491 2154 759 2239 eiusque
803 2158 1139 2243 vigentem
1198 2168 1265 2225 et
1302 2162 1722 2248 approbatam
1767 2160 2218 2248 disciplinam.'
2281 2157 2356 2225 Si
2399 2181 2558 2225 vero

146 2255 217 2319 in
261 2262 601 2346 posterum
644 2258 1099 2343 supervenerit
1142 2259 1512 2343 difficultas,
1561 2258 1883 2327 Sanctitas
1911 2257 2048 2326 Sua
2087 2269 2155 2324 et
2187 2259 2398 2345 Regia
2421 2258 2559 2326 Ma-

142 2355 339 2421 iestas
386 2376 609 2419 secum
654 2357 951 2427 conferre
970 2424 973 2427 ,
995 2368 1063 2423 et
1100 2380 1243 2425 rem
1284 2359 1492 2425 amice
1527 2380 1920 2448 componere
1965 2359 2088 2425 sibi
2131 2366 2488 2423 reservant.

314 2454 469 2521 Art.
492 2454 750 2521 XVIII.
814 2457 1111 2543 Utraque
1140 2460 1678 2528 Contrahentium
1718 2484 1870 2547 pars
1919 2458 2216 2547 spondet,
2259 2455 2373 2541 Se,
2419 2479 2560 2533 suc-

150 2575 575 2637 cessoresque
600 2554 775 2623 Suos
814 2559 1047 2641 omnia,
1088 2559 1173 2625 de
1220 2560 1449 2644 quibus
1491 2560 1562 2625 in
1599 2559 2046 2627 his.Axtiou1is
2087 2567 2360 2642 utraque
2403 2578 2558 2623 con-

146 2668 421 2723 ventum
460 2664 590 2740 est,
647 2665 865 2723 sancte
910 2666 1347 2740 servaturum,
1403 2666 1470 2723 et
1525 2684 1564 2725 a
1604 2658 1944 2725 Maiestate
1985 2657 2196 2743 Regia
2249 2678 2559 2744 praesens

152 2756 521 2823 Conventio
582 2755 697 2820 lex
753 2764 955 2823 status
1012 2757 1461 2823 declarabitur.
1519 2796 1606 2807 -
1669 2758 2025 2823 Praeterea
2077 2756 2380 2823 Maiestas
2423 2754 2562 2826 Sua

144 2856 367 2943 Regia
406 2854 721 2943 spondet,
776 2856 941 2921 nihil
980 2879 1265 2941 unquam
1306 2855 1433 2941 Se,
1474 2879 2016 2943 successoresque
2059 2854 2230 2923 Suos
2253 2904 2274 2939 ,
2332 2856 2559 2942 >quavis

147 2957 233 3022 de
282 2977 481 3021 causa
505 3002 525 3036 ,
596 2954 879 3023 articulis
935 2956 1128 3033 huius
1174 2957 1616 3030 conventionis
1663 2958 1998 3035 addituros
2027 3007 2048 3041 ,
2115 2978 2329 3041 neque
2369 2958 2440 3023 in
2479 2957 2560 3023 iis

146 3055 509 3140 quidquam
546 3053 1015 3137 immutaturos,
1059 3056 1169 3120 vel
1208 3057 1477 3121 eosdem
1517 3057 1954 3124 declaraturos
1997 3078 2144 3123 esse
2172 3059 2414 3142 absque
2437 3054 2558 3126 Se-

150 3156 253 3221 dis
294 3154 725 3240 Apostolicae
767 3156 1143 3221 auctoritate
1188 3164 1255 3223 et
1302 3156 1778 3243 cooperatione.
1913 3154 1916 3158 ’

324 3254 479 3319 Art.
522 3253 713 3319 XIX.
794 3255 1315 3321 Ratificationum
1372 3256 1566 3321 huius
1629 3256 2072 3321 conventionis
2127 3256 2386 3322 traditio
2449 3256 2566 3322 fiet

142 3356 321 3421 intra
366 3354 795 3440 quadraginta
837 3355 978 3421 dies
1022 3358 1101 3421 ab
1143 3356 1443 3421 eiusdem
1486 3357 1660 3441 data,
1734 3366 1844 3422 aut
1889 3357 2073 3424 citius
2095 3406 2116 3441 ,
2161 3357 2216 3423 si
2257 3356 2401 3427 fieri
2447 3376 2562 3442 po-

140 3456 321 3523 terit.
408 3454 655 3519 Datum
692 3455 958 3540 Romae,
1004 3455 1113 3521 die
1150 3455 1211 3521 5.
1254 3456 1398 3521 Iun.
1444 3456 1595 3521 anni
1645 3456 1829 3524 1817.

762 3553 1085 3627 Hercules
1105 3603 1149 3637 „
1175 3554 1536 3624 Cardinalis
1586 3554 1911 3631 Consalvi.

760 3654 1120 3725 Casimirus
1163 3653 1492 3739 Hitffelvin,
1529 3655 1890 3745 Episcopus
1941 3654 2436 3723 Chersonensis.

314 3853 463 3921 Nos
522 3851 877 3939 praefatam
925 3850 1443 3917 Conventionem
1507 3874 1655 3917 cum
1721 3853 2014 3920 omnibus
2079 3850 2214 3916 suis
2268 3849 2558 3915 >articulis

140 3962 579 4041 acceptamus,
622 3951 1077 4034 ratihabemus,
1120 3961 1187 4017 et
1232 3952 1710 4035 confirmamuS,
1751 3951 2074 4037 simulque
2103 3948 2376 4015 firmiter
2413 3970 2561 4034 pro-

140 4053 488 4135 mittimuS,
534 4043 675 4117 NoTs
716 4051 963 4134 omnia,
1011 4051 1095 4116 de
1142 4052 1373 4137 quibus
1412 4051 1520 4119 ita.
1545 4061 1937 4120 conventum
1981 4060 2114 4134 est,
2161 4056 2378 4125 sancte
2423 4068 2560 4111 ser-

142 4162 415 4219 vaturos
429 4200 451 4235 ,
494 4160 687 4237 atque
734 4175 955 4218 curam
994 4152 1337 4229 habituros
1356 4201 1377 4235 ,
1416 4162 1492 4219 ut
1529 4154 1608 4219 ab
1651 4151 1946 4217 omnibus
1991 4148 2263 4217 subditis
2307 4147 2566 4213 Nostris

148 4254 381 4319 stricte
428 4254 874 4318 observentur.
918 4286 1004 4327 ··-,-
1046 4252 1130 4321 In
1172 4273 1448 4337 quorum
1494 4253 1696 4322 fidem
1739 4260 2118 4339 praesentes
2158 4249 2352 4315 hasce
2393 4248 2565 4315 litte-

148 4376 255 4421 ras
302 4351 575 4441 propria
628 4373 825 4417 manu
864 4351 1362 4439 subscripsimus
1402 4361 1467 4419 et
1511 4351 1749 4437 sigillo
1792 4350 2004 4435 Regio
2045 4349 2290 4427 Nostro
2331 4348 2568 4415 muniri

142 4475 480 4527 iussimus.
