2959 4984
419 299 530 355 488
961 299 1208 351 Lxxxx.
1277 295 1629 353 maumam
1664 296 2235 352 OANORLLARIAE.

427 463 704 552 grat-iam
729 461 1150 528 alternadvae
1177 461 1551 552 praedictae
1584 469 1920 551 acceptare
1948 460 2297 544 voluerint,
2322 465 2835 554 acceptationem

423 563 797 651 hujusmodi
851 585 974 651 per
1028 572 1328 653 patentes
1388 563 1611 629 literas
1655 583 1848 628 manu
1890 563 2156 652 propria
2198 564 2635 653 subscriptas,
2698 588 2837 633 suo·

427 685 556 750 que
607 663 832 750 sigillo
891 665 1168 730 munitas
1186 717 1207 751 ,
1271 675 1338 730 et
1391 665 1461 730 in
1521 687 1637 731 sua
1689 666 1965 752 quisque
2022 665 2319 752 civitate,
2378 668 2489 732 vel
2551 667 2837 734 dioecesi

425 765 609 830 datas
667 764 1004 829 declarare
1019 813 1040 848 ,
1115 773 1183 828 et
1239 764 1464 831 literas
1516 764 1693 854 ipsas
1752 765 1882 830 hue
1940 765 2025 830 ad
2080 765 2403 832 datarium
2458 767 2839 836 Sanctitatis

431 865 606 935 Suae
665 863 1106 931 transmittere
1163 871 1543 950 teneantur,
1590 865 1828 950 quibus
1882 865 1965 930 ab
2004 885 2087 930 eo
2129 867 2447 955 receptis,
2502 879 2573 933 et
2612 889 2838 955 recog-

427 964 610 1050 nitis,
667 987 746 1030 ac
799 965 870 1030 in
921 965 1092 1032 libro
1148 965 1230 1030 ad
1287 965 1354 1030 id
1405 965 1717 1055 deputato
1760 966 2159 1056 registratis,
2220 977 2375 1032 tunc
2414 967 2689 1034 demum
2704 1021 2725 1055 ,
2782 975 2842 1034 et

429 1090 563 1134 non
591 1077 782 1132 antea
807 1065 902 1132 uti
925 1065 1236 1154 incipiant
1272 1067 1486 1153 gratia
1514 1066 1911 1155 supradicta.
1948 1067 2227 1157 Insuper
2248 1068 2633 1156 declaravit,
2672 1069 2841 1156 quod

431 1167 486 1234 si
522 1167 702 1233 idem
739 1167 1082 1256 episcopus
1124 1166 1419 1254 pluribus
1489 1166 1785 1232 ecclesiis
1834 1167 2443 1254 quomodocumque
2500 1170 2711 1235 unitis
2766 1193 2842 1236 ex

427 1268 784 1358 apostolica
842 1266 1295 1352 concessione,
1365 1275 1434 1332 et
1469 1266 1955 1355 dispensatione
1998 1268 2617 1355 quomodocumque
2660 1292 2840 1360 prae-

429 1369 516 1436 sit
529 1419 548 1453 ,
591 1377 890 1434 teneatur
933 1366 1306 1454 hujusmodi
1351 1367 1775 1432 alter-nativae
1816 1368 2115 1454 gratiam,
2154 1377 2472 1455 quatenus
2518 1391 2603 1436 ea
2649 1371 2837 1460 potiri

433 1466 625 1550 velit,
685 1466 1022 1554 utriusque
1075 1467 1388 1532 ecclesiae
1431 1465 1693 1532 nomine
1738 1468 2050 1556 explicite
2094 1479 2435 1557 acceptare
2452 1521 2473 1555 ,
2534 1471 2709 1536 alias
2752 1470 2839 1536 illi

429 1589 563 1634 non
583 1569 1024 1656 'suffr-agetur.
1102 1567 1190 1632 Et
1227 1577 1378 1655 post
1421 1567 1658 1632 factam
1698 1567 2229 1658 acceptationem,
2270 1577 2339 1634 et
2374 1569 2838 1638 admissionem

429 1667 500 1734 in
538 1667 808 1735 Dataria
853 1667 1068 1734 neutri
1110 1667 1282 1757 parti
1324 1667 1553 1751 liceat,
1598 1665 1723 1734 nisi
1770 1667 2078 1734 concordi
2124 1689 2445 1736 consensu
2487 1673 2576 1737 ab
2620 1693 2705 1737 ea
2747 1693 2835 1737 re-

435 1768 696 1834 cedere.
742 1767 1104 1835 Declarans
1147 1777 1491 1856 praeterea
1534 1768 1993 1857 exceptionem
2036 1769 2313 1858 positam
2352 1769 2422 1836 in
2464 1773 2714 1858 regula
2752 1772 2835 1836 fa-

426 1888 586 1934 vore
643 1867 715 1938 S.
757 1868 835 1936 B.
877 1867 954 1936 E.
1003 1865 1450 1935 Cardinalinm
1467 1917 1489 1954 ,
1556 1877 1623 1934 et
1686 1869 2011 1935 indultum
2074 1871 2453 1936 eonferendi
2524 1873 2837 1939 beneficia

433 1979 766 2036 reservata
807 1989 1186 2036 concessum
1229 1969 1565 2038 cardinali
1610 1969 1939 2060 episcope,
1986 1991 2119 2038 non
2162 1972 2509 2060 suffiagari
2552 1973 2835 2064 capitulo

419 2069 684 2134 ratione
742 2070 1248 2155 communionis,
1313 2083 1384 2136 et
1432 2071 1739 2138 consortii
1787 2073 1980 2158 juxta
2039 2072 2548 2140 declarationem
2594 2075 2711 2140 fel.
2755 2096 2841 2138 re.

431 2168 684 2238 Urbani
724 2169 857 2237 ΡΡ.
899 2169 1090 2236 VIII.
1152 2171 1679 2260 praedecessoris
1734 2172 1833 2236 sui
1898 2172 2141 2238 editam
2204 2173 2311 2240 die
2377 2173 2637 2240 decima
2682 2173 2837 2264 Sep-

433 2271 702 2338 tembris
779 2292 950 2338 anno
1017 2271 1362 2338 millesimo
1427 2272 1904 2338 sexcentesimo
1973 2273 2289 2340 vicesimo
2353 2285 2545 2340 sexto
2570 2327 2594 2360 ,
2658 2297 2838 2362 quam

439 2375 760 2444 Sanctitas
805 2373 942 2442 Sua
997 2373 1065 2438 in
1110 2373 1406 2439 omnibus
1427 2424 1446 2458 ,
1514 2381 1581 2437 et
1620 2394 1743 2462 per
1786 2373 2005 2439 omnia
2042 2377 2376 2464 approbat.
2456 2375 2834 2443 Decor-nens

437 2476 532 2541 sic
577 2476 648 2541 in
687 2473 1060 2564 praemissis
1103 2473 1404 2538 omnibus
1443 2491 1567 2560 per
1606 2494 2051 2559 quoscumque
2096 2485 2231 2540 etcs
2246 2473 2527 2559 judicari
2575 2475 2832 2558 debere,

435 2597 512 2640 ac
545 2575 803 2642 irritum
847 2585 973 2640 etc.

605 2681 666 2758 ἓ.
717 2677 815 2742 10.
900 2677 1074 2742 Item
1111 2675 1320 2742 voluit
1358 2675 1540 2742 idem
1576 2677 1665 2744 D.
1708 2673 1791 2741 N.
1837 2676 2060 2764 Papa,
2126 2673 2304 2760 quod
2358 2692 2673 2741 concessa
2728 2695 2838 2762 per

433 2779 544 2845 fel.
586 2799 720 2843 rec.
767 2777 978 2844 Clem.
1002 2775 1193 2841 XIII.
1238 2777 1819 2866 praedecessorem
1859 2796 2069 2860 suum,
2118 2784 2185 2840 et
2225 2775 2312 2841 de
2353 2776 2497 2862 ejus
2538 2775 2837 2842 mandato

437 2880 872 2968 expediantur
925 2879 994 2944 in
1033 2879 1244 2944 forma
1285 2879 1545 2946 Rationi
1588 2877 1893 2964 congruit
1930 2887 2052 2942 etc.
2095 2878 2213 2944 sub
2260 2877 2370 2942 die
2412 2875 2833 2943 coronationis

437 3001 590 3046 suae
617 3030 638 3064 ,
677 2991 754 3046 ut
795 2981 994 3046 moris
1037 2990 1155 3064 est,
1201 2989 1268 3046 et
1305 2980 1486 3046 idem
1524 2979 1738 3066 quoad
1782 2991 2089 3045 concessa
2126 2999 2248 3068 per
2284 2978 2433 3067 piae
2476 2999 2676 3044 mem„
2718 2977 2833 3044 Be-

435 3080 768 3146 nedictum
787 3079 974 3146 XIV.
1020 3083 1214 3147 etiam
1255 3081 1832 3170 praedecessorem
1872 3103 2059 3146 suum
2102 3081 2186 3146 ad
2216 3102 2339 3146 sex
2370 3101 2633 3146 menses
2667 3079 2835 3144 dum-

441 3188 642 3264 taxat,
685 3182 770 3246 ab
808 3181 950 3268 ipso
993 3180 1101 3246 die
1145 3180 1579 3246 coronationis
1618 3181 2046 3270 incipiendos‚
2093 3181 2422 3248 observari
2459 3183 2691 3248 voluit.

610 3281 667 3362 §.
715 3281 812 3346 11.
896 3281 1069 3346 Item
1112 3279 1472 3347 declaravit
1516 3281 1833 3368 omnium,
1864 3291 1929 3346 et
1969 3283 2376 3370 singularum
2417 3283 2835 3349 ecclesiarum

444 3379 936 3463 cathedralium,
985 3390 1052 3445 et
1077 3382 1619 3448 monasteriorum
1655 3382 2081 3473 provisiones,
2128 3403 2287 3469 quas
2311 3381 2634 3472 praedicti
2664 3403 2832 3473 prae-

449 3481 829 3546 decessores
875 3480 974 3546 sui
1012 3482 1420 3566 ordinationi,
1465 3495 1533 3549 et
1578 3483 1991 3573 dispositioni
2038 3505 2285 3569 eorum,
2328 3503 2587 3551 necnon
2612 3484 2835 3566 omnia,

445 3591 510 3648 et
579 3581 838 3668 singula
904 3581 1225 3648 beneficia
1295 3573 1779 3670 ecclesiastica,
1846 3605 2011 3670 quae
2080 3584 2243 3650 dieti
2301 3585 2833 3674 praedecessores

445 3683 636 3749 etiam
680 3683 1054 3772 praedictae
1103 3684 1510 3773 dispositioni
1579 3709 1726 3752 cum
1791 3685 2285 3774 interpositione
2341 3687 2595 3753 decreti
2640 3705 2831 3752 reser-

443 3793 753 3850 vaverant
791 3787 987 3872 (quae
1033 3785 1298 3870 quidem
1343 3788 1662 3852 ecclesiae
1679 3840 1699 3872 ,
1738 3787 2163 3871 monasteria,
2197 3809 2459 3852 necnon
2507 3787 2601 3854 sie
2645 3807 2832 3852 reser-

446 3894 598 3951 vata
641 3885 960 3952 beneficia
997 3895 1298 3976 tempore
1365 3888 1578 3953 obitus
1626 3888 2005 3954 eorumdem
2045 3888 2627 3976 praedeeessorum
2666 3907 2834 3950 vaca-

439 3989 620 4073 bant,
667 3999 778 4054 aut
825 3988 1143 4054 eeclesiae
1184 3989 1386 4077 ipsae,
1429 3989 1541 4053 vel
1584 3989 1977 4054 monasteria
2003 3988 2395 4075 hujusmodi,
2428 3988 2499 4052 si
2524 4003 2831 4053 'commen-

447 4088 633 4174 data,
689 4089 798 4154 vel
831 4089 932 4153 'eis
976 4087 1531 4154 administratores
1572 4088 1861 4178 deputati
1910 4103 2040 4153 non
2057 4099 2059 4101 ’
2079 4089 2357 4154 fuissent
2378 4117 2427 4173 ,·
2462 4087 2657 4151 etiam
2696 4093 2832 4149 tunc

447 4190 818 4272 vacassent)
861 4189 1251 4254 remansisse
1273 4241 1292 4274 ,
1363 4197 1430 4254 et
1486 4208 1829 4254 remanere
1886 4199 2007 4277 per
2048 4187 2423 4274 hujusmodi
2465 4183 2829 4252 reservatio-

452 4308 624 4370 nem,
665 4297 732 4353 et
777 4287 1115 4353 decretum
1151 4289 1418 4372 affecta,
1478 4289 1862 4374 nullumque
1896 4287 1992 4353 'de
2034 4287 2164 4380 iilis
2207 4296 2469 4376 praeter
2506 4303 2829 4352 romanum

456 4387 848 4451 Pontificem
893 4409 968 4451 ea
999 4388 1148 4452 vice
1184 4409 1256 4454 se
1299 4388 1754 4474 intromittere,
1794 4388 2293 4478 vel'disponere
2337 4385 2627 4476 potuisse
2650 4430 2673 4468 ,
2714 4381 2832 4447 sive

462 4498 658 4571 posse
699 4485 1178 4568 quoquomodo.
1237 4485 1623 4560 Decernens
1660 4488 1940 4571 irritum,
1986 4497 2061 4557 et·
2086 4488 2297 4570 inane,
2338 4486 2395 4550 si
2410 4481 2415 4486 ’
2435 4503 2627 4550 secus
2660 4499 2833 4574 super
