<?xml version="1.0" encoding="UTF-8"?>
<!DOCTYPE html PUBLIC "-//W3C//DTD XHTML 1.0 Transitional//EN"
    "http://www.w3.org/TR/xhtml1/DTD/xhtml1-transitional.dtd">
<html xmlns="http://www.w3.org/1999/xhtml" xml:lang="en" lang="en">
 <head>
  <title>
</title>
<meta http-equiv="Content-Type" content="text/html;charset=utf-8" />
  <meta name='ocr-system' content='tesseract 3.04.00' />
  <meta name='ocr-capabilities' content='ocr_page ocr_carea ocr_par ocr_line ocrx_word'/>
</head>
<body>
  <div class='ocr_page' id='page_1' title='image "./fontesiuriseccl00waltgoog_0520.png"; bbox 0 0 2959 4984; ppageno 0'>
   <div class='ocr_carea' id='block_1_1' title="bbox 445 283 2268 338">
    <p class='ocr_par' dir='ltr' id='par_1_1' title="bbox 445 283 2268 338">
     <span class='ocr_line' id='line_1_1' title="bbox 445 283 2268 338; baseline -0.002 0"><span class='ocrx_word' id='word_1_1' title='bbox 445 283 554 338; x_wconf 74' lang='grc'><strong>500</strong></span> <span class='ocrx_word' id='word_1_2' title='bbox 995 283 1242 336; x_wconf 72' lang='lat' dir='ltr'><strong>Lxxlx.</strong></span> <span class='ocrx_word' id='word_1_3' title='bbox 1314 283 1661 336; x_wconf 65' lang='lat' dir='ltr'><strong>attiuhan</strong></span> <span class='ocrx_word' id='word_1_4' title='bbox 1702 283 2268 336; x_wconf 66' lang='lat' dir='ltr'><strong>caucnnhaman.</strong></span> 
     </span>
    </p>
   </div>
   <div class='ocr_carea' id='block_1_2' title="bbox 449 449 2853 838">
    <p class='ocr_par' dir='ltr' id='par_1_2' title="bbox 449 449 2853 838">
     <span class='ocr_line' id='line_1_2' title="bbox 457 449 2848 537; baseline -0.001 -19"><span class='ocrx_word' id='word_1_5' title='bbox 457 449 858 518; x_wconf 75' lang='lat' dir='ltr'><strong>cessionibus</strong></span> <span class='ocrx_word' id='word_1_6' title='bbox 905 449 1141 516; x_wconf 83' lang='lat' dir='ltr'><strong>oblatis</strong></span> <span class='ocrx_word' id='word_1_7' title='bbox 1183 449 1392 514; x_wconf 84' lang='lat' dir='ltr'><strong>multa</strong></span> <span class='ocrx_word' id='word_1_8' title='bbox 1429 451 1563 516; x_wconf 79' lang='lat' dir='ltr'><strong>sint</strong></span> <span class='ocrx_word' id='word_1_9' title='bbox 1604 449 1809 537; x_wconf 83' lang='lat' dir='ltr'><strong>petita</strong></span> <span class='ocrx_word' id='word_1_10' title='bbox 1824 499 1843 533; x_wconf 92' lang='lat'><strong>,</strong></span> <span class='ocrx_word' id='word_1_11' title='bbox 1906 469 1991 515; x_wconf 87' lang='lat' dir='ltr'><strong>ne</strong></span> <span class='ocrx_word' id='word_1_12' title='bbox 2031 450 2179 535; x_wconf 82' lang='lat' dir='ltr'><strong>quis</strong></span> <span class='ocrx_word' id='word_1_13' title='bbox 2226 451 2451 516; x_wconf 82' lang='lat' dir='ltr'><strong>talium</strong></span> <span class='ocrx_word' id='word_1_14' title='bbox 2496 453 2848 516; x_wconf 79' lang='lat' dir='ltr'><strong>concessio-</strong></span> 
     </span>
     <span class='ocr_line' id='line_1_3' title="bbox 451 550 2847 639; baseline -0.001 -22"><span class='ocrx_word' id='word_1_15' title='bbox 451 573 608 618; x_wconf 85' lang='lat' dir='ltr'><strong>num</strong></span> <span class='ocrx_word' id='word_1_16' title='bbox 651 559 1000 638; x_wconf 81' lang='lat' dir='ltr'><strong>praetextu</strong></span> <span class='ocrx_word' id='word_1_17' title='bbox 1011 555 1044 632; x_wconf 78' lang='lat'><strong>&#39;,</strong></span> <span class='ocrx_word' id='word_1_18' title='bbox 1091 550 1162 615; x_wconf 90' lang='lat' dir='ltr'><strong>id</strong></span> <span class='ocrx_word' id='word_1_19' title='bbox 1215 550 1655 638; x_wconf 74' lang='lat' dir='ltr'><strong>dispensative</strong></span> <span class='ocrx_word' id='word_1_20' title='bbox 1714 559 1979 633; x_wconf 86' lang='lat' dir='ltr'><strong>tenere,</strong></span> <span class='ocrx_word' id='word_1_21' title='bbox 2040 561 2153 615; x_wconf 88' lang='lat' dir='ltr'><strong>aut</strong></span> <span class='ocrx_word' id='word_1_22' title='bbox 2194 551 2413 617; x_wconf 85' lang='lat' dir='ltr'><strong>facere</strong></span> <span class='ocrx_word' id='word_1_23' title='bbox 2461 562 2847 639; x_wconf 84' lang='lat' dir='ltr'><strong>praesumat,</strong></span> 
     </span>
     <span class='ocr_line' id='line_1_4' title="bbox 451 648 2852 735; baseline -0.001 -19"><span class='ocrx_word' id='word_1_24' title='bbox 451 649 537 716; x_wconf 89' lang='lat' dir='ltr'><strong>ad</strong></span> <span class='ocrx_word' id='word_1_25' title='bbox 577 648 756 733; x_wconf 89' lang='lat' dir='ltr'><strong>quod</strong></span> <span class='ocrx_word' id='word_1_26' title='bbox 799 650 1262 716; x_wconf 82' lang='lat' dir='ltr'><strong>concessiones</strong></span> <span class='ocrx_word' id='word_1_27' title='bbox 1303 650 1681 735; x_wconf 83' lang='lat' dir='ltr'><strong>hujusmodi</strong></span> <span class='ocrx_word' id='word_1_28' title='bbox 1728 671 1797 716; x_wconf 90' lang='lat' dir='ltr'><strong>se</strong></span> <span class='ocrx_word' id='word_1_29' title='bbox 1838 673 1971 716; x_wconf 87' lang='lat' dir='ltr'><strong>non</strong></span> <span class='ocrx_word' id='word_1_30' title='bbox 2016 651 2391 731; x_wconf 72' lang='lat' dir='ltr'><strong>extendant,</strong></span> <span class='ocrx_word' id='word_1_31' title='bbox 2432 652 2647 718; x_wconf 81' lang='lat' dir='ltr'><strong>voluit</strong></span> <span class='ocrx_word' id='word_1_32' title='bbox 2690 651 2852 715; x_wconf 86' lang='lat' dir='ltr'><strong>idem</strong></span> 
     </span>
     <span class='ocr_line' id='line_1_5' title="bbox 449 747 2853 838; baseline -0.001 -22"><span class='ocrx_word' id='word_1_33' title='bbox 449 751 536 816; x_wconf 92' lang='lat' dir='ltr'><strong>D.</strong></span> <span class='ocrx_word' id='word_1_34' title='bbox 555 747 663 832; x_wconf 65' lang='lat' dir='ltr'><strong>N„</strong></span> <span class='ocrx_word' id='word_1_35' title='bbox 707 749 884 834; x_wconf 87' lang='lat' dir='ltr'><strong>quod</strong></span> <span class='ocrx_word' id='word_1_36' title='bbox 923 749 1106 815; x_wconf 82' lang='lat' dir='ltr'><strong>nulla</strong></span> <span class='ocrx_word' id='word_1_37' title='bbox 1145 749 1298 815; x_wconf 87' lang='lat' dir='ltr'><strong>talis</strong></span> <span class='ocrx_word' id='word_1_38' title='bbox 1329 749 1729 838; x_wconf 75' lang='lat' dir='ltr'><strong>dispensatio</strong></span> <span class='ocrx_word' id='word_1_39' title='bbox 1770 751 2075 836; x_wconf 86' lang='lat' dir='ltr'><strong>cuiquam</strong></span> <span class='ocrx_word' id='word_1_40' title='bbox 2100 751 2173 815; x_wconf 90' lang='lat' dir='ltr'><strong>in</strong></span> <span class='ocrx_word' id='word_1_41' title='bbox 2219 750 2491 838; x_wconf 85' lang='lat' dir='ltr'><strong>judicio,</strong></span> <span class='ocrx_word' id='word_1_42' title='bbox 2536 749 2653 814; x_wconf 84' lang='lat' dir='ltr'><strong>vel</strong></span> <span class='ocrx_word' id='word_1_43' title='bbox 2684 759 2853 816; x_wconf 81' lang='lat' dir='ltr'><strong>extra</strong></span> 
     </span>
    </p>
   </div>
   <div class='ocr_carea' id='block_1_3' title="bbox 455 848 2934 938">
    <p class='ocr_par' dir='ltr' id='par_1_3' title="bbox 455 848 2934 938">
     <span class='ocr_line' id='line_1_6' title="bbox 455 848 2934 938; baseline -0.002 -22"><span class='ocrx_word' id='word_1_44' title='bbox 455 848 872 935; x_wconf 67' lang='lat' dir='ltr'><strong>suffrag-etur,</strong></span> <span class='ocrx_word' id='word_1_45' title='bbox 920 859 1270 933; x_wconf 82' lang='lat' dir='ltr'><strong>antequam</strong></span> <span class='ocrx_word' id='word_1_46' title='bbox 1313 869 1515 936; x_wconf 88' lang='lat' dir='ltr'><strong>super</strong></span> <span class='ocrx_word' id='word_1_47' title='bbox 1556 871 1637 914; x_wconf 86' lang='lat' dir='ltr'><strong>ea</strong></span> <span class='ocrx_word' id='word_1_48' title='bbox 1676 851 1905 916; x_wconf 85' lang='lat' dir='ltr'><strong>literae</strong></span> <span class='ocrx_word' id='word_1_49' title='bbox 1944 851 2343 938; x_wconf 82' lang='lat' dir='ltr'><strong>apostolicae</strong></span> <span class='ocrx_word' id='word_1_50' title='bbox 2384 853 2471 914; x_wconf 86' lang='lat' dir='ltr'><strong>sit</strong></span> <span class='ocrx_word' id='word_1_51' title='bbox 2502 850 2852 916; x_wconf 83' lang='lat' dir='ltr'><strong>confectae.</strong></span> <span class='ocrx_word' id='word_1_52' title='bbox 2932 849 2934 854; x_wconf 77' lang='grc'>’</span> 
     </span>
    </p>
   </div>
   <div class='ocr_carea' id='block_1_4' title="bbox 449 947 2854 1636">
    <p class='ocr_par' dir='ltr' id='par_1_4' title="bbox 449 947 2853 1340">
     <span class='ocr_line' id='line_1_7' title="bbox 623 947 2853 1038; baseline 0 -24"><span class='ocrx_word' id='word_1_53' title='bbox 623 949 686 1029; x_wconf 69' lang='grc' dir='ltr'><strong>ἓ.</strong></span> <span class='ocrx_word' id='word_1_54' title='bbox 729 947 832 1014; x_wconf 88' lang='grc'><strong>53.</strong></span> <span class='ocrx_word' id='word_1_55' title='bbox 917 949 1088 1014; x_wconf 84' lang='lat' dir='ltr'><strong>Item</strong></span> <span class='ocrx_word' id='word_1_56' title='bbox 1127 949 1356 1030; x_wconf 79' lang='lat' dir='ltr'><strong>voluit,</strong></span> <span class='ocrx_word' id='word_1_57' title='bbox 1403 950 1577 1034; x_wconf 90' lang='lat' dir='ltr'><strong>quod</strong></span> <span class='ocrx_word' id='word_1_58' title='bbox 1618 950 1687 1014; x_wconf 89' lang='lat' dir='ltr'><strong>in</strong></span> <span class='ocrx_word' id='word_1_59' title='bbox 1728 949 1936 1015; x_wconf 81' lang='lat' dir='ltr'><strong>literis</strong></span> <span class='ocrx_word' id='word_1_60' title='bbox 1976 951 2539 1038; x_wconf 76' lang='lat' dir='ltr'><strong>indulgentiarum</strong></span> <span class='ocrx_word' id='word_1_61' title='bbox 2568 961 2853 1038; x_wconf 84' lang='lat' dir='ltr'><strong>ponatur,</strong></span> 
     </span>
     <span class='ocr_line' id='line_1_8' title="bbox 453 1048 2853 1138; baseline -0.002 -22"><span class='ocrx_word' id='word_1_62' title='bbox 453 1049 632 1138; x_wconf 86' lang='lat' dir='ltr'><strong>quod</strong></span> <span class='ocrx_word' id='word_1_63' title='bbox 673 1050 730 1114; x_wconf 86' lang='lat' dir='ltr'><strong>si</strong></span> <span class='ocrx_word' id='word_1_64' title='bbox 777 1049 1136 1130; x_wconf 83' lang='lat' dir='ltr'><strong>ecclesiae,</strong></span> <span class='ocrx_word' id='word_1_65' title='bbox 1200 1048 1312 1112; x_wconf 79' lang='lat' dir='ltr'><strong>vel</strong></span> <span class='ocrx_word' id='word_1_66' title='bbox 1373 1049 1713 1137; x_wconf 72' lang='lat' dir='ltr'><strong>cappellae</strong></span> <span class='ocrx_word' id='word_1_67' title='bbox 1732 1093 1753 1134; x_wconf 86' lang='lat'><strong>,</strong></span> <span class='ocrx_word' id='word_1_68' title='bbox 1816 1059 1927 1115; x_wconf 83' lang='lat' dir='ltr'><strong>aut</strong></span> <span class='ocrx_word' id='word_1_69' title='bbox 1986 1051 2147 1116; x_wconf 80' lang='lat' dir='ltr'><strong>alias</strong></span> <span class='ocrx_word' id='word_1_70' title='bbox 2192 1051 2409 1136; x_wconf 85' lang='lat' dir='ltr'><strong>aliqua</strong></span> <span class='ocrx_word' id='word_1_71' title='bbox 2448 1050 2853 1138; x_wconf 82' lang='lat' dir='ltr'><strong>indulgentia</strong></span> 
     </span>
     <span class='ocr_line' id='line_1_9' title="bbox 455 1149 2849 1238; baseline -0.003 -18"><span class='ocrx_word' id='word_1_72' title='bbox 455 1151 654 1220; x_wconf 72' lang='lat' dir='ltr'><strong>fuerit</strong></span> <span class='ocrx_word' id='word_1_73' title='bbox 697 1171 1028 1232; x_wconf 84' lang='lat' dir='ltr'><strong>concessa,</strong></span> <span class='ocrx_word' id='word_1_74' title='bbox 1075 1149 1160 1214; x_wconf 87' lang='lat' dir='ltr'><strong>de</strong></span> <span class='ocrx_word' id='word_1_75' title='bbox 1195 1171 1324 1234; x_wconf 85' lang='lat' dir='ltr'><strong>qua</strong></span> <span class='ocrx_word' id='word_1_76' title='bbox 1364 1151 1529 1216; x_wconf 87' lang='lat' dir='ltr'><strong>inibi</strong></span> <span class='ocrx_word' id='word_1_77' title='bbox 1572 1151 1879 1238; x_wconf 82' lang='lat' dir='ltr'><strong>specialis</strong></span> <span class='ocrx_word' id='word_1_78' title='bbox 1922 1152 2167 1216; x_wconf 84' lang='lat' dir='ltr'><strong>mentio</strong></span> <span class='ocrx_word' id='word_1_79' title='bbox 2206 1152 2383 1217; x_wconf 84' lang='lat' dir='ltr'><strong>faeta</strong></span> <span class='ocrx_word' id='word_1_80' title='bbox 2418 1173 2559 1216; x_wconf 89' lang='lat' dir='ltr'><strong>non</strong></span> <span class='ocrx_word' id='word_1_81' title='bbox 2600 1150 2709 1232; x_wconf 80' lang='lat' dir='ltr'><strong>sit,</strong></span> <span class='ocrx_word' id='word_1_82' title='bbox 2746 1149 2849 1212; x_wconf 84' lang='lat' dir='ltr'><strong>hu—</strong></span> 
     </span>
     <span class='ocr_line' id='line_1_10' title="bbox 449 1250 1478 1340; baseline -0.005 -21"><span class='ocrx_word' id='word_1_83' title='bbox 449 1251 742 1340; x_wconf 75' lang='lat' dir='ltr'><strong>jusmodi</strong></span> <span class='ocrx_word' id='word_1_84' title='bbox 785 1251 1018 1316; x_wconf 85' lang='lat' dir='ltr'><strong>literae</strong></span> <span class='ocrx_word' id='word_1_85' title='bbox 1063 1250 1192 1314; x_wconf 83' lang='lat' dir='ltr'><strong>sint</strong></span> <span class='ocrx_word' id='word_1_86' title='bbox 1237 1251 1478 1316; x_wconf 88' lang='lat' dir='ltr'><strong>nullae.</strong></span> 
     </span>
    </p>

    <p class='ocr_par' dir='ltr' id='par_1_5' title="bbox 461 1347 2854 1542">
     <span class='ocr_line' id='line_1_11' title="bbox 627 1347 2854 1464; baseline -0.001 -48"><span class='ocrx_word' id='word_1_87' title='bbox 627 1353 686 1434; x_wconf 69' lang='grc' dir='ltr'><strong>ξ.</strong></span> <span class='ocrx_word' id='word_1_88' title='bbox 729 1351 834 1416; x_wconf 94' lang='grc'><strong>54.</strong></span> <span class='ocrx_word' id='word_1_89' title='bbox 917 1349 1092 1414; x_wconf 87' lang='lat' dir='ltr'><strong>Item</strong></span> <span class='ocrx_word' id='word_1_90' title='bbox 1129 1349 1339 1415; x_wconf 79' lang='lat' dir='ltr'><strong>voluit</strong></span> <span class='ocrx_word' id='word_1_91' title='bbox 1383 1349 1563 1414; x_wconf 89' lang='lat' dir='ltr'><strong>idem</strong></span> <span class='ocrx_word' id='word_1_92' title='bbox 1605 1349 1693 1414; x_wconf 93' lang='lat' dir='ltr'><strong>D.</strong></span> <span class='ocrx_word' id='word_1_93' title='bbox 1738 1347 1825 1414; x_wconf 82' lang='lat' dir='ltr'><strong>N.</strong></span> <span class='ocrx_word' id='word_1_94' title='bbox 1844 1397 1867 1464; x_wconf 84' lang='lat'><strong>.&#39;</strong></span> <span class='ocrx_word' id='word_1_95' title='bbox 1916 1349 2093 1434; x_wconf 87' lang='lat' dir='ltr'><strong>quod</strong></span> <span class='ocrx_word' id='word_1_96' title='bbox 2134 1349 2365 1414; x_wconf 87' lang='lat' dir='ltr'><strong>literae</strong></span> <span class='ocrx_word' id='word_1_97' title='bbox 2408 1371 2621 1437; x_wconf 86' lang='lat' dir='ltr'><strong>super</strong></span> <span class='ocrx_word' id='word_1_98' title='bbox 2660 1348 2854 1414; x_wconf 86' lang='lat' dir='ltr'><strong>indul</strong></span> 
     </span>
     <span class='ocr_line' id='line_1_12' title="bbox 461 1448 2445 1565; baseline -0.003 -45"><span class='ocrx_word' id='word_1_99' title='bbox 461 1453 706 1542; x_wconf 75' lang='lat' dir='ltr'><strong>gentiis</strong></span> <span class='ocrx_word' id='word_1_100' title='bbox 747 1473 880 1518; x_wconf 86' lang='lat' dir='ltr'><strong>non</strong></span> <span class='ocrx_word' id='word_1_101' title='bbox 923 1449 1358 1538; x_wconf 80' lang='lat' dir='ltr'><strong>expediantur</strong></span> <span class='ocrx_word' id='word_1_102' title='bbox 1397 1449 1485 1514; x_wconf 90' lang='lat' dir='ltr'><strong>ad</strong></span> <span class='ocrx_word' id='word_1_103' title='bbox 1523 1451 1748 1565; x_wconf 71' lang='lat' dir='ltr'><strong>instar,</strong></span> <span class='ocrx_word' id='word_1_104' title='bbox 1790 1448 1921 1514; x_wconf 85' lang='lat' dir='ltr'><strong>nisi</strong></span> <span class='ocrx_word' id='word_1_105' title='bbox 1962 1448 2445 1536; x_wconf 79' lang='lat' dir='ltr'><strong>specificentur</strong></span> 
     </span>
    </p>

    <p class='ocr_par' dir='ltr' id='par_1_6' title="bbox 625 1547 2853 1636">
     <span class='ocr_line' id='line_1_13' title="bbox 625 1547 2853 1636; baseline -0.002 -20"><span class='ocrx_word' id='word_1_106' title='bbox 625 1554 686 1632; x_wconf 66' lang='grc' dir='ltr'><strong>ἓ.</strong></span> <span class='ocrx_word' id='word_1_107' title='bbox 727 1552 834 1618; x_wconf 93' lang='grc'><strong>55.</strong></span> <span class='ocrx_word' id='word_1_108' title='bbox 915 1549 1088 1614; x_wconf 87' lang='lat' dir='ltr'><strong>Item</strong></span> <span class='ocrx_word' id='word_1_109' title='bbox 1135 1549 1363 1632; x_wconf 80' lang='lat' dir='ltr'><strong>voluit,</strong></span> <span class='ocrx_word' id='word_1_110' title='bbox 1411 1547 1649 1633; x_wconf 87' lang='lat' dir='ltr'><strong>quod</strong></span> <span class='ocrx_word' id='word_1_111' title='bbox 1628 1571 1700 1614; x_wconf 73' lang='lat' dir='ltr'><strong>in</strong></span> <span class='ocrx_word' id='word_1_112' title='bbox 1742 1547 2007 1635; x_wconf 83' lang='lat' dir='ltr'><strong>gratiis,</strong></span> <span class='ocrx_word' id='word_1_113' title='bbox 2052 1569 2212 1632; x_wconf 86' lang='lat' dir='ltr'><strong>quas</strong></span> <span class='ocrx_word' id='word_1_114' title='bbox 2255 1549 2603 1632; x_wconf 76' lang='lat' dir='ltr'><strong>quibusvis</strong></span> <span class='ocrx_word' id='word_1_115' title='bbox 2650 1569 2853 1636; x_wconf 84' lang='lat' dir='ltr'><strong>perso-</strong></span> 
     </span>
    </p>
   </div>
   <div class='ocr_carea' id='block_1_5' title="bbox 459 1645 2849 1735">
    <p class='ocr_par' dir='ltr' id='par_1_7' title="bbox 459 1645 2936 1735">
     <span class='ocr_line' id='line_1_14' title="bbox 459 1645 2849 1735; baseline -0.002 -17"><span class='ocrx_word' id='word_1_116' title='bbox 459 1653 582 1735; x_wconf 89' lang='lat' dir='ltr'><strong>nis,</strong></span> <span class='ocrx_word' id='word_1_117' title='bbox 631 1651 716 1716; x_wconf 89' lang='lat' dir='ltr'><strong>de</strong></span> <span class='ocrx_word' id='word_1_118' title='bbox 761 1649 1100 1716; x_wconf 83' lang='lat' dir='ltr'><strong>beneficiis</strong></span> <span class='ocrx_word' id='word_1_119' title='bbox 1127 1697 1147 1732; x_wconf 93' lang='lat'><strong>,</strong></span> <span class='ocrx_word' id='word_1_120' title='bbox 1211 1649 1591 1715; x_wconf 76' lang='lat' dir='ltr'><strong>vacantibus</strong></span> <span class='ocrx_word' id='word_1_121' title='bbox 1611 1699 1631 1732; x_wconf 92' lang='lat'><strong>,</strong></span> <span class='ocrx_word' id='word_1_122' title='bbox 1688 1669 1803 1714; x_wconf 82' lang='lat' dir='ltr'><strong>seu</strong></span> <span class='ocrx_word' id='word_1_123' title='bbox 1864 1657 2049 1713; x_wconf 82' lang='lat' dir='ltr'><strong>certo</strong></span> <span class='ocrx_word' id='word_1_124' title='bbox 2108 1645 2305 1714; x_wconf 88' lang='lat' dir='ltr'><strong>modo</strong></span> <span class='ocrx_word' id='word_1_125' title='bbox 2348 1649 2686 1714; x_wconf 73' lang='lat' dir='ltr'><strong>vacaturis</strong></span> <span class='ocrx_word' id='word_1_126' title='bbox 2724 1648 2849 1713; x_wconf 87' lang='lat' dir='ltr'><strong>fieri</strong></span> 
     </span>
    </p>
   </div>
   <div class='ocr_carea' id='block_1_6' title="bbox 459 1748 2855 2934">
    <p class='ocr_par' dir='ltr' id='par_1_8' title="bbox 459 1748 2855 2934">
     <span class='ocr_line' id='line_1_15' title="bbox 462 1748 2853 1838; baseline -0.003 -22"><span class='ocrx_word' id='word_1_127' title='bbox 462 1750 813 1838; x_wconf 84' lang='lat' dir='ltr'><strong>contigerit</strong></span> <span class='ocrx_word' id='word_1_128' title='bbox 828 1799 848 1832; x_wconf 91' lang='lat'><strong>,</strong></span> <span class='ocrx_word' id='word_1_129' title='bbox 910 1749 1174 1814; x_wconf 87' lang='lat' dir='ltr'><strong>illorum</strong></span> <span class='ocrx_word' id='word_1_130' title='bbox 1193 1797 1212 1832; x_wconf 92' lang='lat'>‚</span> <span class='ocrx_word' id='word_1_131' title='bbox 1289 1757 1358 1814; x_wconf 87' lang='lat' dir='ltr'><strong>et</strong></span> <span class='ocrx_word' id='word_1_132' title='bbox 1411 1749 1689 1814; x_wconf 88' lang='lat' dir='ltr'><strong>aliorum</strong></span> <span class='ocrx_word' id='word_1_133' title='bbox 1756 1768 2313 1833; x_wconf 87' lang='lat' dir='ltr'><strong>quorumcumque</strong></span> <span class='ocrx_word' id='word_1_134' title='bbox 2370 1748 2853 1827; x_wconf 86' lang='lat' dir='ltr'><strong>beneficiorum,</strong></span> 
     </span>
     <span class='ocr_line' id='line_1_16' title="bbox 459 1847 2852 1936; baseline -0.002 -21"><span class='ocrx_word' id='word_1_135' title='bbox 459 1871 626 1934; x_wconf 87' lang='lat' dir='ltr'><strong>quae</strong></span> <span class='ocrx_word' id='word_1_136' title='bbox 667 1849 882 1914; x_wconf 86' lang='lat' dir='ltr'><strong>dictae</strong></span> <span class='ocrx_word' id='word_1_137' title='bbox 922 1869 1242 1936; x_wconf 79' lang='lat' dir='ltr'><strong>personae</strong></span> <span class='ocrx_word' id='word_1_138' title='bbox 1289 1859 1446 1914; x_wconf 86' lang='lat' dir='ltr'><strong>tunc</strong></span> <span class='ocrx_word' id='word_1_139' title='bbox 1492 1847 1922 1932; x_wconf 85' lang='lat' dir='ltr'><strong>obtinuerint,</strong></span> <span class='ocrx_word' id='word_1_140' title='bbox 1985 1869 2101 1914; x_wconf 86' lang='lat' dir='ltr'><strong>seu</strong></span> <span class='ocrx_word' id='word_1_141' title='bbox 2144 1848 2229 1912; x_wconf 90' lang='lat' dir='ltr'><strong>de</strong></span> <span class='ocrx_word' id='word_1_142' title='bbox 2266 1847 2499 1932; x_wconf 88' lang='lat' dir='ltr'><strong>quibus</strong></span> <span class='ocrx_word' id='word_1_143' title='bbox 2552 1849 2653 1913; x_wconf 87' lang='lat' dir='ltr'><strong>eis</strong></span> <span class='ocrx_word' id='word_1_144' title='bbox 2736 1847 2852 1912; x_wconf 87' lang='lat' dir='ltr'><strong>fue-</strong></span> 
     </span>
     <span class='ocr_line' id='line_1_17' title="bbox 463 1947 2855 2037; baseline -0.001 -25"><span class='ocrx_word' id='word_1_145' title='bbox 463 1947 550 2012; x_wconf 88' lang='lat' dir='ltr'><strong>rit</strong></span> <span class='ocrx_word' id='word_1_146' title='bbox 591 1947 930 2036; x_wconf 83' lang='lat' dir='ltr'><strong>provisum</strong></span> <span class='ocrx_word' id='word_1_147' title='bbox 943 1995 964 2030; x_wconf 87' lang='lat'><strong>,</strong></span> <span class='ocrx_word' id='word_1_148' title='bbox 1011 1947 1122 2012; x_wconf 80' lang='lat' dir='ltr'><strong>vel</strong></span> <span class='ocrx_word' id='word_1_149' title='bbox 1163 1969 1546 2014; x_wconf 84' lang='lat' dir='ltr'><strong>concessum</strong></span> <span class='ocrx_word' id='word_1_150' title='bbox 1557 1996 1578 2030; x_wconf 92' lang='lat'><em>‚</em></span> <span class='ocrx_word' id='word_1_151' title='bbox 1638 1958 1750 2014; x_wconf 86' lang='lat' dir='ltr'><strong>aut</strong></span> <span class='ocrx_word' id='word_1_152' title='bbox 1788 1947 2167 2014; x_wconf 86' lang='lat' dir='ltr'><strong>mandatum</strong></span> <span class='ocrx_word' id='word_1_153' title='bbox 2228 1947 2569 2037; x_wconf 73' lang='lat' dir='ltr'><strong>provideri</strong></span> <span class='ocrx_word' id='word_1_154' title='bbox 2586 1994 2609 2031; x_wconf 85' lang='lat'><strong>,</strong></span> <span class='ocrx_word' id='word_1_155' title='bbox 2680 1967 2855 2012; x_wconf 78' lang='lat' dir='ltr'><strong>verus</strong></span> 
     </span>
     <span class='ocr_line' id='line_1_18' title="bbox 461 2046 2851 2135; baseline 0 -21"><span class='ocrx_word' id='word_1_156' title='bbox 461 2069 664 2114; x_wconf 87' lang='lat' dir='ltr'><strong>annus</strong></span> <span class='ocrx_word' id='word_1_157' title='bbox 701 2046 885 2112; x_wconf 85' lang='lat' dir='ltr'><strong>valor</strong></span> <span class='ocrx_word' id='word_1_158' title='bbox 927 2067 1046 2134; x_wconf 87' lang='lat' dir='ltr'><strong>per</strong></span> <span class='ocrx_word' id='word_1_159' title='bbox 1089 2048 1387 2114; x_wconf 80' lang='lat' dir='ltr'><strong>marchas</strong></span> <span class='ocrx_word' id='word_1_160' title='bbox 1448 2049 1741 2135; x_wconf 86' lang='lat' dir='ltr'><strong>argenti,</strong></span> <span class='ocrx_word' id='word_1_161' title='bbox 1804 2058 1915 2114; x_wconf 84' lang='lat' dir='ltr'><strong>aut</strong></span> <span class='ocrx_word' id='word_1_162' title='bbox 1954 2046 2429 2135; x_wconf 83' lang='lat' dir='ltr'><strong>Sterligorum,</strong></span> <span class='ocrx_word' id='word_1_163' title='bbox 2500 2049 2619 2114; x_wconf 79' lang='lat' dir='ltr'><strong>vel</strong></span> <span class='ocrx_word' id='word_1_164' title='bbox 2672 2049 2851 2114; x_wconf 78' lang='lat' dir='ltr'><strong>libras</strong></span> 
     </span>
     <span class='ocr_line' id='line_1_19' title="bbox 463 2145 2853 2234; baseline -0.001 -20"><span class='ocrx_word' id='word_1_165' title='bbox 463 2145 792 2214; x_wconf 85' lang='lat' dir='ltr'><strong>Turonen.</strong></span> <span class='ocrx_word' id='word_1_166' title='bbox 835 2169 1207 2234; x_wconf 78' lang='lat' dir='ltr'><strong>parvorum,</strong></span> <span class='ocrx_word' id='word_1_167' title='bbox 1257 2169 1374 2214; x_wconf 87' lang='lat' dir='ltr'><strong>seu</strong></span> <span class='ocrx_word' id='word_1_168' title='bbox 1421 2149 1706 2214; x_wconf 84' lang='lat' dir='ltr'><strong>florenos</strong></span> <span class='ocrx_word' id='word_1_169' title='bbox 1744 2149 1890 2214; x_wconf 84' lang='lat' dir='ltr'><strong>auri</strong></span> <span class='ocrx_word' id='word_1_170' title='bbox 1907 2199 1927 2233; x_wconf 89' lang='lat'><strong>,</strong></span> <span class='ocrx_word' id='word_1_171' title='bbox 1974 2157 2087 2213; x_wconf 82' lang='lat' dir='ltr'><strong>aut</strong></span> <span class='ocrx_word' id='word_1_172' title='bbox 2132 2148 2401 2214; x_wconf 75' lang='lat' dir='ltr'><strong>ducatos</strong></span> <span class='ocrx_word' id='word_1_173' title='bbox 2428 2199 2448 2232; x_wconf 90' lang='lat'><strong>,</strong></span> <span class='ocrx_word' id='word_1_174' title='bbox 2491 2148 2609 2213; x_wconf 81' lang='lat' dir='ltr'><strong>vel</strong></span> <span class='ocrx_word' id='word_1_175' title='bbox 2638 2147 2853 2213; x_wconf 80' lang='lat' dir='ltr'><strong>uncias</strong></span> 
     </span>
     <span class='ocr_line' id='line_1_20' title="bbox 461 2247 2855 2332; baseline -0.001 -20"><span class='ocrx_word' id='word_1_176' title='bbox 461 2247 604 2314; x_wconf 79' lang='lat' dir='ltr'><strong>auri</strong></span> <span class='ocrx_word' id='word_1_177' title='bbox 629 2296 650 2332; x_wconf 90' lang='lat'><strong>,</strong></span> <span class='ocrx_word' id='word_1_178' title='bbox 709 2268 827 2314; x_wconf 82' lang='lat' dir='ltr'><strong>seu</strong></span> <span class='ocrx_word' id='word_1_179' title='bbox 867 2247 1064 2314; x_wconf 86' lang='lat' dir='ltr'><strong>aliam</strong></span> <span class='ocrx_word' id='word_1_180' title='bbox 1103 2259 1434 2314; x_wconf 80' lang='lat' dir='ltr'><strong>monetam</strong></span> <span class='ocrx_word' id='word_1_181' title='bbox 1490 2248 1851 2315; x_wconf 84' lang='lat' dir='ltr'><strong>secundum</strong></span> <span class='ocrx_word' id='word_1_182' title='bbox 1886 2269 2299 2314; x_wconf 84' lang='lat' dir='ltr'><strong>communem</strong></span> <span class='ocrx_word' id='word_1_183' title='bbox 2354 2248 2855 2314; x_wconf 81' lang='lat' dir='ltr'><strong>aestimationem</strong></span> 
     </span>
     <span class='ocr_line' id='line_1_21' title="bbox 463 2346 2853 2436; baseline -0.002 -22"><span class='ocrx_word' id='word_1_184' title='bbox 463 2347 884 2436; x_wconf 84' lang='lat' dir='ltr'><strong>exprimatur,</strong></span> <span class='ocrx_word' id='word_1_185' title='bbox 929 2349 1056 2414; x_wconf 87' lang='lat' dir='ltr'><strong>nisi</strong></span> <span class='ocrx_word' id='word_1_186' title='bbox 1095 2369 1416 2436; x_wconf 79' lang='lat' dir='ltr'><strong>personae</strong></span> <span class='ocrx_word' id='word_1_187' title='bbox 1455 2349 1833 2436; x_wconf 85' lang='lat' dir='ltr'><strong>praedictae</strong></span> <span class='ocrx_word' id='word_1_188' title='bbox 1876 2346 2198 2414; x_wconf 85' lang='lat' dir='ltr'><strong>beneficia</strong></span> <span class='ocrx_word' id='word_1_189' title='bbox 2229 2399 2251 2432; x_wconf 91' lang='lat'><strong>,</strong></span> <span class='ocrx_word' id='word_1_190' title='bbox 2294 2369 2466 2432; x_wconf 78' lang='lat' dir='ltr'><strong>quae</strong></span> <span class='ocrx_word' id='word_1_191' title='bbox 2502 2357 2668 2413; x_wconf 80' lang='lat' dir='ltr'><strong>tune</strong></span> <span class='ocrx_word' id='word_1_192' title='bbox 2712 2347 2853 2414; x_wconf 80' lang='lat' dir='ltr'><strong>obti-</strong></span> 
     </span>
     <span class='ocr_line' id='line_1_22' title="bbox 461 2448 2852 2535; baseline -0.002 -20"><span class='ocrx_word' id='word_1_193' title='bbox 461 2448 742 2530; x_wconf 88' lang='lat' dir='ltr'><strong>nuerint,</strong></span> <span class='ocrx_word' id='word_1_194' title='bbox 785 2457 897 2514; x_wconf 88' lang='lat' dir='ltr'><strong>aut</strong></span> <span class='ocrx_word' id='word_1_195' title='bbox 941 2449 1012 2514; x_wconf 88' lang='lat' dir='ltr'><strong>in</strong></span> <span class='ocrx_word' id='word_1_196' title='bbox 1051 2449 1318 2533; x_wconf 87' lang='lat' dir='ltr'><strong>quibus,</strong></span> <span class='ocrx_word' id='word_1_197' title='bbox 1381 2448 1495 2514; x_wconf 83' lang='lat' dir='ltr'><strong>vel</strong></span> <span class='ocrx_word' id='word_1_198' title='bbox 1534 2448 1622 2514; x_wconf 87' lang='lat' dir='ltr'><strong>ad</strong></span> <span class='ocrx_word' id='word_1_199' title='bbox 1664 2470 1831 2532; x_wconf 83' lang='lat' dir='ltr'><strong>quae</strong></span> <span class='ocrx_word' id='word_1_200' title='bbox 1865 2449 1977 2534; x_wconf 89' lang='lat' dir='ltr'><strong>jus</strong></span> <span class='ocrx_word' id='word_1_201' title='bbox 2018 2448 2113 2514; x_wconf 86' lang='lat' dir='ltr'><strong>eis</strong></span> <span class='ocrx_word' id='word_1_202' title='bbox 2156 2449 2505 2535; x_wconf 78' lang='lat' dir='ltr'><strong>competit,</strong></span> <span class='ocrx_word' id='word_1_203' title='bbox 2542 2449 2741 2534; x_wconf 78' lang='lat' dir='ltr'><strong>juxta</strong></span> <span class='ocrx_word' id='word_1_204' title='bbox 2773 2448 2852 2534; x_wconf 91' lang='lat' dir='ltr'><strong>ip-</strong></span> 
     </span>
     <span class='ocr_line' id='line_1_23' title="bbox 463 2547 2851 2634; baseline -0.004 -18"><span class='ocrx_word' id='word_1_205' title='bbox 463 2569 683 2616; x_wconf 75' lang='lat' dir='ltr'><strong>sarum</strong></span> <span class='ocrx_word' id='word_1_206' title='bbox 718 2547 1102 2631; x_wconf 85' lang='lat' dir='ltr'><strong>oblationes,</strong></span> <span class='ocrx_word' id='word_1_207' title='bbox 1145 2557 1256 2614; x_wconf 86' lang='lat' dir='ltr'><strong>aut</strong></span> <span class='ocrx_word' id='word_1_208' title='bbox 1303 2547 1462 2614; x_wconf 83' lang='lat' dir='ltr'><strong>alias</strong></span> <span class='ocrx_word' id='word_1_209' title='bbox 1512 2548 1840 2613; x_wconf 86' lang='lat' dir='ltr'><strong>dimittere</strong></span> <span class='ocrx_word' id='word_1_210' title='bbox 1882 2557 2245 2630; x_wconf 73' lang='lat' dir='ltr'><strong>tencantur,</strong></span> <span class='ocrx_word' id='word_1_211' title='bbox 2290 2548 2584 2632; x_wconf 83' lang='lat' dir='ltr'><strong>alioquin</strong></span> <span class='ocrx_word' id='word_1_212' title='bbox 2622 2547 2851 2634; x_wconf 83' lang='lat' dir='ltr'><strong>gratiae</strong></span> 
     </span>
     <span class='ocr_line' id='line_1_24' title="bbox 463 2645 2845 2736; baseline -0.002 -24"><span class='ocrx_word' id='word_1_213' title='bbox 463 2645 838 2736; x_wconf 83' lang='lat' dir='ltr'><strong>praedictae</strong></span> <span class='ocrx_word' id='word_1_214' title='bbox 911 2648 1040 2714; x_wconf 83' lang='lat' dir='ltr'><strong>sint</strong></span> <span class='ocrx_word' id='word_1_215' title='bbox 1097 2648 1348 2713; x_wconf 76' lang='lat' dir='ltr'><strong>nullaez</strong></span> <span class='ocrx_word' id='word_1_216' title='bbox 1413 2645 1501 2712; x_wconf 87' lang='lat' dir='ltr'><strong>Et</strong></span> <span class='ocrx_word' id='word_1_217' title='bbox 1558 2647 1741 2714; x_wconf 86' lang='lat' dir='ltr'><strong>idem</strong></span> <span class='ocrx_word' id='word_1_218' title='bbox 1794 2656 2093 2712; x_wconf 84' lang='lat' dir='ltr'><strong>servetur</strong></span> <span class='ocrx_word' id='word_1_219' title='bbox 2152 2647 2221 2713; x_wconf 88' lang='lat' dir='ltr'><strong>in</strong></span> <span class='ocrx_word' id='word_1_220' title='bbox 2280 2647 2510 2733; x_wconf 81' lang='lat' dir='ltr'><strong>gratiis</strong></span> <span class='ocrx_word' id='word_1_221' title='bbox 2530 2697 2550 2732; x_wconf 86' lang='lat'><strong>,</strong></span> <span class='ocrx_word' id='word_1_222' title='bbox 2626 2669 2779 2732; x_wconf 83' lang='lat' dir='ltr'><strong>quas</strong></span> <span class='ocrx_word' id='word_1_223' title='bbox 2816 2669 2845 2708; x_wconf 85' lang='lat' dir='ltr'><strong>a</strong></span> 
     </span>
     <span class='ocr_line' id='line_1_25' title="bbox 461 2743 2849 2835; baseline -0.002 -21"><span class='ocrx_word' id='word_1_224' title='bbox 461 2745 830 2814; x_wconf 82' lang='lat' dir='ltr'><strong>Sanctitate</strong></span> <span class='ocrx_word' id='word_1_225' title='bbox 873 2743 1011 2812; x_wconf 87' lang='lat' dir='ltr'><strong>Sua</strong></span> <span class='ocrx_word' id='word_1_226' title='bbox 1043 2757 1232 2834; x_wconf 76' lang='lat' dir='ltr'><strong>motu</strong></span> <span class='ocrx_word' id='word_1_227' title='bbox 1263 2747 1531 2835; x_wconf 86' lang='lat' dir='ltr'><strong>proprio</strong></span> <span class='ocrx_word' id='word_1_228' title='bbox 1574 2757 1879 2812; x_wconf 84' lang='lat' dir='ltr'><strong>emanare</strong></span> <span class='ocrx_word' id='word_1_229' title='bbox 1926 2745 2278 2833; x_wconf 75' lang='lat' dir='ltr'><strong>contigerit</strong></span> <span class='ocrx_word' id='word_1_230' title='bbox 2294 2790 2315 2829; x_wconf 90' lang='lat'>‚</span> <span class='ocrx_word' id='word_1_231' title='bbox 2363 2747 2585 2831; x_wconf 82' lang='lat' dir='ltr'><strong>quoad</strong></span> <span class='ocrx_word' id='word_1_232' title='bbox 2626 2744 2849 2814; x_wconf 85' lang='lat' dir='ltr'><strong>benefi-</strong></span> 
     </span>
     <span class='ocr_line' id='line_1_26' title="bbox 463 2843 2846 2934; baseline -0 -24"><span class='ocrx_word' id='word_1_233' title='bbox 463 2845 564 2910; x_wconf 86' lang='lat' dir='ltr'><strong>cia</strong></span> <span class='ocrx_word' id='word_1_234' title='bbox 602 2854 858 2927; x_wconf 88' lang='lat' dir='ltr'><strong>tamen,</strong></span> <span class='ocrx_word' id='word_1_235' title='bbox 925 2844 1008 2910; x_wconf 90' lang='lat' dir='ltr'><strong>de</strong></span> <span class='ocrx_word' id='word_1_236' title='bbox 1049 2847 1282 2930; x_wconf 86' lang='lat' dir='ltr'><strong>quibus</strong></span> <span class='ocrx_word' id='word_1_237' title='bbox 1325 2844 1921 2932; x_wconf 83' lang='lat' dir='ltr'><strong>per-Sanctitatem</strong></span> <span class='ocrx_word' id='word_1_238' title='bbox 1960 2843 2168 2913; x_wconf 84' lang='lat' dir='ltr'><strong>Suam</strong></span> <span class='ocrx_word' id='word_1_239' title='bbox 2210 2868 2331 2934; x_wconf 87' lang='lat' dir='ltr'><strong>pro</strong></span> <span class='ocrx_word' id='word_1_240' title='bbox 2373 2855 2675 2934; x_wconf 85' lang='lat' dir='ltr'><strong>tempore</strong></span> <span class='ocrx_word' id='word_1_241' title='bbox 2717 2867 2846 2933; x_wconf 88' lang='lat' dir='ltr'><strong>pro-</strong></span> 
     </span>
    </p>
   </div>
   <div class='ocr_carea' id='block_1_7' title="bbox 463 2943 2938 3034">
    <p class='ocr_par' dir='ltr' id='par_1_9' title="bbox 463 2943 2938 3034">
     <span class='ocr_line' id='line_1_27' title="bbox 463 2943 2938 3034; baseline 0.001 -28"><span class='ocrx_word' id='word_1_242' title='bbox 463 2943 744 3025; x_wconf 81' lang='lat' dir='ltr'><strong>videtur,</strong></span> <span class='ocrx_word' id='word_1_243' title='bbox 785 2965 904 3010; x_wconf 87' lang='lat' dir='ltr'><strong>seu</strong></span> <span class='ocrx_word' id='word_1_244' title='bbox 945 2944 1278 3033; x_wconf 84' lang='lat' dir='ltr'><strong>provideri</strong></span> <span class='ocrx_word' id='word_1_245' title='bbox 1317 2945 1679 3027; x_wconf 86' lang='lat' dir='ltr'><strong>mandatur,</strong></span> <span class='ocrx_word' id='word_1_246' title='bbox 1728 2955 1838 3010; x_wconf 90' lang='lat' dir='ltr'><strong>aut</strong></span> <span class='ocrx_word' id='word_1_247' title='bbox 1880 2945 2039 3011; x_wconf 86' lang='lat' dir='ltr'><strong>alias</strong></span> <span class='ocrx_word' id='word_1_248' title='bbox 2082 2945 2467 3034; x_wconf 81' lang='lat' dir='ltr'><strong>disponitur,</strong></span> <span class='ocrx_word' id='word_1_249' title='bbox 2512 2969 2591 3012; x_wconf 86' lang='lat' dir='ltr'><strong>ac</strong></span> <span class='ocrx_word' id='word_1_250' title='bbox 2636 2945 2850 3025; x_wconf 86' lang='lat' dir='ltr'><strong>literis,</strong></span> <span class='ocrx_word' id='word_1_251' title='bbox 2936 2975 2938 3026; x_wconf 79' lang='lat' dir='ltr'>j</span> 
     </span>
    </p>
   </div>
   <div class='ocr_carea' id='block_1_8' title="bbox 465 3044 2849 4524">
    <p class='ocr_par' dir='ltr' id='par_1_10' title="bbox 465 3044 2849 3529">
     <span class='ocr_line' id='line_1_28' title="bbox 466 3044 2849 3132; baseline 0 -24"><span class='ocrx_word' id='word_1_252' title='bbox 466 3063 586 3130; x_wconf 84' lang='lat' dir='ltr'><strong>per</strong></span> <span class='ocrx_word' id='word_1_253' title='bbox 629 3063 788 3125; x_wconf 83' lang='lat' dir='ltr'><strong>quas</strong></span> <span class='ocrx_word' id='word_1_254' title='bbox 837 3065 958 3130; x_wconf 86' lang='lat' dir='ltr'><strong>pro</strong></span> <span class='ocrx_word' id='word_1_255' title='bbox 1001 3052 1296 3131; x_wconf 88' lang='lat' dir='ltr'><strong>tempore</strong></span> <span class='ocrx_word' id='word_1_256' title='bbox 1339 3044 1426 3108; x_wconf 88' lang='lat' dir='ltr'><strong>ad</strong></span> <span class='ocrx_word' id='word_1_257' title='bbox 1467 3045 1896 3110; x_wconf 82' lang='lat' dir='ltr'><strong>ecclesiarum</strong></span> <span class='ocrx_word' id='word_1_258' title='bbox 1936 3045 2469 3132; x_wconf 81' lang='lat' dir='ltr'><strong>patriarchalium</strong></span> <span class='ocrx_word' id='word_1_259' title='bbox 2488 3093 2507 3128; x_wconf 89' lang='lat'><strong>,</strong></span> <span class='ocrx_word' id='word_1_260' title='bbox 2552 3055 2625 3110; x_wconf 90' lang='lat' dir='ltr'><strong>et</strong></span> <span class='ocrx_word' id='word_1_261' title='bbox 2657 3045 2849 3110; x_wconf 83' lang='lat' dir='ltr'><strong>cathe-</strong></span> 
     </span>
     <span class='ocr_line' id='line_1_29' title="bbox 473 3141 2849 3232; baseline 0 -26"><span class='ocrx_word' id='word_1_262' title='bbox 473 3141 786 3224; x_wconf 86' lang='lat' dir='ltr'><strong>dralium,</strong></span> <span class='ocrx_word' id='word_1_263' title='bbox 845 3166 936 3208; x_wconf 83' lang='lat' dir='ltr'><strong>ae·</strong></span> <span class='ocrx_word' id='word_1_264' title='bbox 965 3144 1511 3210; x_wconf 87' lang='lat' dir='ltr'><strong>monasteriorum</strong></span> <span class='ocrx_word' id='word_1_265' title='bbox 1564 3145 1891 3230; x_wconf 77' lang='lat' dir='ltr'><strong>regimina</strong></span> <span class='ocrx_word' id='word_1_266' title='bbox 1945 3146 2259 3232; x_wconf 82' lang='lat' dir='ltr'><strong>promotis</strong></span> <span class='ocrx_word' id='word_1_267' title='bbox 2318 3145 2734 3227; x_wconf 87' lang='lat' dir='ltr'><strong>conceditur,</strong></span> <span class='ocrx_word' id='word_1_268' title='bbox 2790 3151 2849 3206; x_wconf 75' lang='lat' dir='ltr'><strong>ut</strong></span> 
     </span>
     <span class='ocr_line' id='line_1_30' title="bbox 467 3242 2849 3332; baseline 0 -26"><span class='ocrx_word' id='word_1_269' title='bbox 467 3242 853 3306; x_wconf 83' lang='lat' dir='ltr'><strong>monasteria</strong></span> <span class='ocrx_word' id='word_1_270' title='bbox 875 3291 896 3324; x_wconf 92' lang='lat'><strong>,</strong></span> <span class='ocrx_word' id='word_1_271' title='bbox 943 3251 1010 3307; x_wconf 89' lang='lat' dir='ltr'><strong>et</strong></span> <span class='ocrx_word' id='word_1_272' title='bbox 1045 3243 1170 3310; x_wconf 91' lang='lat' dir='ltr'><strong>alia</strong></span> <span class='ocrx_word' id='word_1_273' title='bbox 1210 3245 1533 3309; x_wconf 87' lang='lat' dir='ltr'><strong>beneficia</strong></span> <span class='ocrx_word' id='word_1_274' title='bbox 1578 3243 2017 3310; x_wconf 65' lang='lat' dir='ltr'><strong>eeclesiastico·</strong></span> <span class='ocrx_word' id='word_1_275' title='bbox 2054 3245 2445 3330; x_wconf 83' lang='lat' dir='ltr'><strong>saecularia,</strong></span> <span class='ocrx_word' id='word_1_276' title='bbox 2504 3256 2573 3309; x_wconf 89' lang='lat' dir='ltr'><strong>et</strong></span> <span class='ocrx_word' id='word_1_277' title='bbox 2612 3243 2849 3332; x_wconf 80' lang='lat' dir='ltr'><strong>regula·</strong></span> 
     </span>
     <span class='ocr_line' id='line_1_31' title="bbox 465 3341 2849 3433; baseline -0.001 -27"><span class='ocrx_word' id='word_1_278' title='bbox 465 3341 564 3406; x_wconf 89' lang='lat' dir='ltr'><strong>ria</strong></span> <span class='ocrx_word' id='word_1_279' title='bbox 605 3363 726 3427; x_wconf 89' lang='lat' dir='ltr'><strong>per</strong></span> <span class='ocrx_word' id='word_1_280' title='bbox 771 3362 882 3408; x_wconf 87' lang='lat' dir='ltr'><strong>eos</strong></span> <span class='ocrx_word' id='word_1_281' title='bbox 927 3344 1210 3427; x_wconf 86' lang='lat' dir='ltr'><strong>obtenta,</strong></span> <span class='ocrx_word' id='word_1_282' title='bbox 1250 3354 1321 3410; x_wconf 85' lang='lat' dir='ltr'><strong>et</strong></span> <span class='ocrx_word' id='word_1_283' title='bbox 1359 3344 1430 3410; x_wconf 88' lang='lat' dir='ltr'><strong>in</strong></span> <span class='ocrx_word' id='word_1_284' title='bbox 1465 3343 1698 3429; x_wconf 83' lang='lat' dir='ltr'><strong>quibus</strong></span> <span class='ocrx_word' id='word_1_285' title='bbox 1715 3388 1735 3427; x_wconf 87' lang='lat'><strong>,</strong></span> <span class='ocrx_word' id='word_1_286' title='bbox 1796 3354 1863 3408; x_wconf 85' lang='lat' dir='ltr'><strong>et</strong></span> <span class='ocrx_word' id='word_1_287' title='bbox 1904 3344 1993 3410; x_wconf 89' lang='lat' dir='ltr'><strong>ad</strong></span> <span class='ocrx_word' id='word_1_288' title='bbox 2036 3365 2200 3430; x_wconf 83' lang='lat' dir='ltr'><strong>quac</strong></span> <span class='ocrx_word' id='word_1_289' title='bbox 2238 3344 2351 3430; x_wconf 87' lang='lat' dir='ltr'><strong>jus</strong></span> <span class='ocrx_word' id='word_1_290' title='bbox 2395 3345 2489 3410; x_wconf 82' lang='lat' dir='ltr'><strong>eis</strong></span> <span class='ocrx_word' id='word_1_291' title='bbox 2534 3341 2849 3433; x_wconf 83' lang='lat' dir='ltr'><strong>competit,</strong></span> 
     </span>
     <span class='ocr_line' id='line_1_32' title="bbox 469 3439 2071 3529; baseline 0.004 -25"><span class='ocrx_word' id='word_1_292' title='bbox 469 3439 754 3506; x_wconf 85' lang='lat' dir='ltr'><strong>retinere</strong></span> <span class='ocrx_word' id='word_1_293' title='bbox 797 3441 1064 3529; x_wconf 86' lang='lat' dir='ltr'><strong>possint.</strong></span> <span class='ocrx_word' id='word_1_294' title='bbox 1249 3489 1260 3494; x_wconf 87' lang='lat'>-</span> <span class='ocrx_word' id='word_1_295' title='bbox 2062 3483 2071 3498; x_wconf 64' lang='grc' dir='ltr'><em>ι</em></span> 
     </span>
    </p>

    <p class='ocr_par' dir='ltr' id='par_1_11' title="bbox 469 3540 2848 4524">
     <span class='ocr_line' id='line_1_33' title="bbox 629 3540 2843 3632; baseline 0 -27"><span class='ocrx_word' id='word_1_296' title='bbox 629 3541 689 3622; x_wconf 69' lang='grc' dir='ltr'><strong>ξ.</strong></span> <span class='ocrx_word' id='word_1_297' title='bbox 731 3540 834 3608; x_wconf 88' lang='grc'><strong>56.</strong></span> <span class='ocrx_word' id='word_1_298' title='bbox 919 3541 1150 3607; x_wconf 88' lang='lat' dir='ltr'><strong>Voluit</strong></span> <span class='ocrx_word' id='word_1_299' title='bbox 1167 3589 1188 3622; x_wconf 92' lang='lat'><strong>,</strong></span> <span class='ocrx_word' id='word_1_300' title='bbox 1245 3553 1312 3608; x_wconf 85' lang='lat' dir='ltr'><strong>et</strong></span> <span class='ocrx_word' id='word_1_301' title='bbox 1359 3542 1683 3608; x_wconf 80' lang='lat' dir='ltr'><strong>ordinavit</strong></span> <span class='ocrx_word' id='word_1_302' title='bbox 1698 3593 1718 3626; x_wconf 91' lang='lat'><strong>,</strong></span> <span class='ocrx_word' id='word_1_303' title='bbox 1788 3545 1969 3630; x_wconf 85' lang='lat' dir='ltr'><strong>quod</strong></span> <span class='ocrx_word' id='word_1_304' title='bbox 2022 3544 2281 3630; x_wconf 83' lang='lat' dir='ltr'><strong>quando</strong></span> <span class='ocrx_word' id='word_1_305' title='bbox 2334 3544 2638 3632; x_wconf 77' lang='lat' dir='ltr'><strong>providet</strong></span> <span class='ocrx_word' id='word_1_306' title='bbox 2655 3596 2675 3629; x_wconf 89' lang='lat'><strong>,</strong></span> <span class='ocrx_word' id='word_1_307' title='bbox 2746 3563 2843 3608; x_wconf 84' lang='lat' dir='ltr'><strong>seu</strong></span> 
     </span>
     <span class='ocr_line' id='line_1_34' title="bbox 469 3639 2846 3728; baseline -0 -22"><span class='ocrx_word' id='word_1_308' title='bbox 469 3639 734 3706; x_wconf 83' lang='lat' dir='ltr'><strong>mandat</strong></span> <span class='ocrx_word' id='word_1_309' title='bbox 777 3640 1112 3728; x_wconf 87' lang='lat' dir='ltr'><strong>provideri</strong></span> <span class='ocrx_word' id='word_1_310' title='bbox 1153 3640 1349 3706; x_wconf 87' lang='lat' dir='ltr'><strong>alicui</strong></span> <span class='ocrx_word' id='word_1_311' title='bbox 1393 3641 1476 3707; x_wconf 85' lang='lat' dir='ltr'><strong>de</strong></span> <span class='ocrx_word' id='word_1_312' title='bbox 1524 3644 1845 3710; x_wconf 87' lang='lat' dir='ltr'><strong>beneficio</strong></span> <span class='ocrx_word' id='word_1_313' title='bbox 1892 3645 2331 3712; x_wconf 84' lang='lat' dir='ltr'><strong>eeclesiastico</strong></span> <span class='ocrx_word' id='word_1_314' title='bbox 2376 3653 2673 3728; x_wconf 78' lang='lat' dir='ltr'><strong>vacante,</strong></span> <span class='ocrx_word' id='word_1_315' title='bbox 2714 3655 2846 3708; x_wconf 85' lang='lat' dir='ltr'><strong>tunc</strong></span> 
     </span>
     <span class='ocr_line' id='line_1_35' title="bbox 469 3739 2842 3829; baseline -0 -23"><span class='ocrx_word' id='word_1_316' title='bbox 469 3739 614 3806; x_wconf 89' lang='lat' dir='ltr'><strong>dari</strong></span> <span class='ocrx_word' id='word_1_317' title='bbox 654 3750 962 3827; x_wconf 86' lang='lat' dir='ltr'><strong>poterunt</strong></span> <span class='ocrx_word' id='word_1_318' title='bbox 1005 3741 1332 3807; x_wconf 86' lang='lat' dir='ltr'><strong>clausulae</strong></span> <span class='ocrx_word' id='word_1_319' title='bbox 1385 3741 1444 3808; x_wconf 80' lang='lat' dir='ltr'><strong>si</strong></span> <span class='ocrx_word' id='word_1_320' title='bbox 1481 3753 1790 3828; x_wconf 85' lang='lat' dir='ltr'><strong>petantur</strong></span> <span class='ocrx_word' id='word_1_321' title='bbox 1807 3790 1827 3826; x_wconf 88' lang='lat'><strong>,</strong></span> <span class='ocrx_word' id='word_1_322' title='bbox 1896 3744 2148 3812; x_wconf 83' lang='lat' dir='ltr'><strong>etiamsi</strong></span> <span class='ocrx_word' id='word_1_323' title='bbox 2190 3744 2357 3810; x_wconf 83' lang='lat' dir='ltr'><strong>illud</strong></span> <span class='ocrx_word' id='word_1_324' title='bbox 2398 3745 2631 3829; x_wconf 79' lang='lat' dir='ltr'><strong>quovis</strong></span> <span class='ocrx_word' id='word_1_325' title='bbox 2671 3742 2842 3810; x_wconf 89' lang='lat' dir='ltr'><strong>modo</strong></span> 
     </span>
     <span class='ocr_line' id='line_1_36' title="bbox 469 3841 2846 3932; baseline 0.002 -28"><span class='ocrx_word' id='word_1_326' title='bbox 469 3850 596 3904; x_wconf 73' lang='lat' dir='ltr'><strong>etc.</strong></span> <span class='ocrx_word' id='word_1_327' title='bbox 639 3861 756 3905; x_wconf 90' lang='lat' dir='ltr'><strong>seu</strong></span> <span class='ocrx_word' id='word_1_328' title='bbox 799 3861 920 3928; x_wconf 89' lang='lat' dir='ltr'><strong>per</strong></span> <span class='ocrx_word' id='word_1_329' title='bbox 955 3841 1485 3908; x_wconf 81' lang='lat' dir='ltr'><strong>constitutionem</strong></span> <span class='ocrx_word' id='word_1_330' title='bbox 1522 3841 1932 3910; x_wconf 74' lang='lat' dir='ltr'><strong>Exest-abilis</strong></span> <span class='ocrx_word' id='word_1_331' title='bbox 1976 3853 2167 3917; x_wconf 70' lang='lat' dir='ltr'><strong>vacet</strong></span> <span class='ocrx_word' id='word_1_332' title='bbox 2182 3891 2203 3926; x_wconf 83' lang='lat'><strong>,</strong></span> <span class='ocrx_word' id='word_1_333' title='bbox 2246 3855 2315 3909; x_wconf 87' lang='lat' dir='ltr'><strong>et</strong></span> <span class='ocrx_word' id='word_1_334' title='bbox 2357 3845 2733 3932; x_wconf 78' lang='lat' dir='ltr'><strong>specialiter</strong></span> <span class='ocrx_word' id='word_1_335' title='bbox 2764 3863 2846 3909; x_wconf 80' lang='lat' dir='ltr'><strong>re-</strong></span> 
     </span>
     <span class='ocr_line' id='line_1_37' title="bbox 469 3940 2844 4030; baseline 0 -26"><span class='ocrx_word' id='word_1_336' title='bbox 469 3948 832 4022; x_wconf 83' lang='lat' dir='ltr'><strong>servatum,</strong></span> <span class='ocrx_word' id='word_1_337' title='bbox 873 3940 1044 4008; x_wconf 87' lang='lat' dir='ltr'><strong>inter</strong></span> <span class='ocrx_word' id='word_1_338' title='bbox 1093 3940 1344 4025; x_wconf 87' lang='lat' dir='ltr'><strong>aliquos</strong></span> <span class='ocrx_word' id='word_1_339' title='bbox 1385 3941 1749 4028; x_wconf 78' lang='lat' dir='ltr'><strong>litigiosum</strong></span> <span class='ocrx_word' id='word_1_340' title='bbox 1788 3943 1905 4026; x_wconf 87' lang='lat' dir='ltr'><strong>sit,</strong></span> <span class='ocrx_word' id='word_1_341' title='bbox 1951 3953 2017 4010; x_wconf 88' lang='lat' dir='ltr'><strong>et</strong></span> <span class='ocrx_word' id='word_1_342' title='bbox 2066 3945 2207 4030; x_wconf 81' lang='lat' dir='ltr'><strong>ejus</strong></span> <span class='ocrx_word' id='word_1_343' title='bbox 2252 3945 2514 4010; x_wconf 75' lang='lat' dir='ltr'><strong>collatio</strong></span> <span class='ocrx_word' id='word_1_344' title='bbox 2560 3943 2844 4010; x_wconf 74' lang='lat' dir='ltr'><strong>devoluta</strong></span> 
     </span>
     <span class='ocr_line' id='line_1_38' title="bbox 469 4038 2845 4132; baseline 0.002 -28"><span class='ocrx_word' id='word_1_345' title='bbox 469 4038 696 4123; x_wconf 89' lang='lat' dir='ltr'><strong>fuerit,</strong></span> <span class='ocrx_word' id='word_1_346' title='bbox 743 4048 806 4104; x_wconf 89' lang='lat' dir='ltr'><strong>et</strong></span> <span class='ocrx_word' id='word_1_347' title='bbox 845 4040 902 4105; x_wconf 89' lang='lat' dir='ltr'><strong>si</strong></span> <span class='ocrx_word' id='word_1_348' title='bbox 943 4062 1064 4128; x_wconf 87' lang='lat' dir='ltr'><strong>pro</strong></span> <span class='ocrx_word' id='word_1_349' title='bbox 1109 4041 1514 4128; x_wconf 84' lang='lat' dir='ltr'><strong>collitigante</strong></span> <span class='ocrx_word' id='word_1_350' title='bbox 1532 4089 1551 4124; x_wconf 88' lang='lat'>‚</span> <span class='ocrx_word' id='word_1_351' title='bbox 1611 4044 1720 4108; x_wconf 83' lang='lat' dir='ltr'><strong>vel</strong></span> <span class='ocrx_word' id='word_1_352' title='bbox 1758 4045 2295 4132; x_wconf 79' lang='lat' dir='ltr'><strong>subrogationem</strong></span> <span class='ocrx_word' id='word_1_353' title='bbox 2312 4090 2333 4128; x_wconf 88' lang='lat'><strong>,</strong></span> <span class='ocrx_word' id='word_1_354' title='bbox 2375 4053 2489 4109; x_wconf 81' lang='lat' dir='ltr'><strong>aut</strong></span> <span class='ocrx_word' id='word_1_355' title='bbox 2532 4045 2589 4110; x_wconf 88' lang='lat' dir='ltr'><strong>si</strong></span> <span class='ocrx_word' id='word_1_356' title='bbox 2631 4043 2845 4122; x_wconf 79' lang='lat' dir='ltr'><strong>neutri,</strong></span> 
     </span>
     <span class='ocr_line' id='line_1_39' title="bbox 470 4137 2846 4234; baseline 0.002 -33"><span class='ocrx_word' id='word_1_357' title='bbox 470 4137 582 4202; x_wconf 79' lang='lat' dir='ltr'><strong>vel</strong></span> <span class='ocrx_word' id='word_1_358' title='bbox 614 4138 672 4204; x_wconf 87' lang='lat' dir='ltr'><strong>si</strong></span> <span class='ocrx_word' id='word_1_359' title='bbox 714 4139 880 4206; x_wconf 86' lang='lat' dir='ltr'><strong>nulli</strong></span> <span class='ocrx_word' id='word_1_360' title='bbox 923 4150 1045 4206; x_wconf 87' lang='lat' dir='ltr'><strong>etc.</strong></span> <span class='ocrx_word' id='word_1_361' title='bbox 1084 4151 1352 4229; x_wconf 85' lang='lat' dir='ltr'><strong>petente</strong></span> <span class='ocrx_word' id='word_1_362' title='bbox 1372 4192 1392 4225; x_wconf 89' lang='lat'><strong>,</strong></span> <span class='ocrx_word' id='word_1_363' title='bbox 1459 4142 1515 4207; x_wconf 83' lang='lat' dir='ltr'><strong>si</strong></span> <span class='ocrx_word' id='word_1_364' title='bbox 1562 4153 1720 4208; x_wconf 82' lang='lat' dir='ltr'><strong>tunc</strong></span> <span class='ocrx_word' id='word_1_365' title='bbox 1772 4143 1855 4208; x_wconf 91' lang='lat' dir='ltr'><strong>lis</strong></span> <span class='ocrx_word' id='word_1_366' title='bbox 1896 4145 2207 4234; x_wconf 84' lang='lat' dir='ltr'><strong>specifice</strong></span> <span class='ocrx_word' id='word_1_367' title='bbox 2252 4145 2691 4233; x_wconf 81' lang='lat' dir='ltr'><strong>exprimatur3</strong></span> <span class='ocrx_word' id='word_1_368' title='bbox 2745 4165 2846 4209; x_wconf 81' lang='lat' dir='ltr'><strong>nec</strong></span> 
     </span>
     <span class='ocr_line' id='line_1_40' title="bbox 477 4235 2848 4334; baseline 0.002 -32"><span class='ocrx_word' id='word_1_369' title='bbox 477 4235 669 4302; x_wconf 85' lang='lat' dir='ltr'><strong>detur</strong></span> <span class='ocrx_word' id='word_1_370' title='bbox 727 4238 946 4323; x_wconf 83' lang='lat' dir='ltr'><strong>aliqua</strong></span> <span class='ocrx_word' id='word_1_371' title='bbox 1005 4241 1330 4327; x_wconf 80' lang='lat' dir='ltr'><strong>generalis</strong></span> <span class='ocrx_word' id='word_1_372' title='bbox 1390 4245 1751 4310; x_wconf 79' lang='lat' dir='ltr'><strong>reservatio</strong></span> <span class='ocrx_word' id='word_1_373' title='bbox 1802 4243 2187 4333; x_wconf 80' lang='lat' dir='ltr'><strong>dispositive</strong></span> <span class='ocrx_word' id='word_1_374' title='bbox 2200 4285 2223 4329; x_wconf 76' lang='lat'><strong>,</strong></span> <span class='ocrx_word' id='word_1_375' title='bbox 2290 4245 2419 4312; x_wconf 85' lang='lat' dir='ltr'><strong>nisi</strong></span> <span class='ocrx_word' id='word_1_376' title='bbox 2471 4244 2755 4334; x_wconf 77' lang='lat' dir='ltr'><strong>desuper</strong></span> <span class='ocrx_word' id='word_1_377' title='bbox 2792 4244 2848 4308; x_wconf 90' lang='lat' dir='ltr'><strong>in</strong></span> 
     </span>
     <span class='ocr_line' id='line_1_41' title="bbox 474 4337 2847 4432; baseline 0.003 -32"><span class='ocrx_word' id='word_1_378' title='bbox 474 4337 901 4404; x_wconf 83' lang='lat' dir='ltr'><strong>concessione</strong></span> <span class='ocrx_word' id='word_1_379' title='bbox 943 4340 1263 4426; x_wconf 76' lang='lat' dir='ltr'><strong>specialis,</strong></span> <span class='ocrx_word' id='word_1_380' title='bbox 1308 4350 1374 4406; x_wconf 83' lang='lat' dir='ltr'><strong>et</strong></span> <span class='ocrx_word' id='word_1_381' title='bbox 1417 4361 1768 4428; x_wconf 76' lang='lat' dir='ltr'><strong>expressa,</strong></span> <span class='ocrx_word' id='word_1_382' title='bbox 1828 4365 1907 4409; x_wconf 86' lang='lat' dir='ltr'><strong>ac</strong></span> <span class='ocrx_word' id='word_1_383' title='bbox 1948 4365 2152 4432; x_wconf 82' lang='lat' dir='ltr'><strong>pure,</strong></span> <span class='ocrx_word' id='word_1_384' title='bbox 2208 4355 2279 4411; x_wconf 81' lang='lat' dir='ltr'><strong>et</strong></span> <span class='ocrx_word' id='word_1_385' title='bbox 2316 4367 2452 4412; x_wconf 85' lang='lat' dir='ltr'><strong>non</strong></span> <span class='ocrx_word' id='word_1_386' title='bbox 2488 4347 2613 4411; x_wconf 83' lang='lat' dir='ltr'><strong>sub</strong></span> <span class='ocrx_word' id='word_1_387' title='bbox 2654 4343 2847 4412; x_wconf 79' lang='lat' dir='ltr'><strong>condi-</strong></span> 
     </span>
     <span class='ocr_line' id='line_1_42' title="bbox 476 4432 2845 4524; baseline 0.007 -29"><span class='ocrx_word' id='word_1_388' title='bbox 476 4432 654 4496; x_wconf 89' lang='lat' dir='ltr'><strong>tione</strong></span> <span class='ocrx_word' id='word_1_389' title='bbox 699 4436 940 4499; x_wconf 85' lang='lat' dir='ltr'><strong>mentio</strong></span> <span class='ocrx_word' id='word_1_390' title='bbox 985 4438 1100 4502; x_wconf 85' lang='lat' dir='ltr'><strong>fiat</strong></span> <span class='ocrx_word' id='word_1_391' title='bbox 1118 4484 1138 4517; x_wconf 87' lang='lat'><strong>,</strong></span> <span class='ocrx_word' id='word_1_392' title='bbox 1195 4449 1260 4504; x_wconf 86' lang='lat' dir='ltr'><strong>et</strong></span> <span class='ocrx_word' id='word_1_393' title='bbox 1303 4448 1456 4506; x_wconf 83' lang='lat' dir='ltr'><strong>tunc</strong></span> <span class='ocrx_word' id='word_1_394' title='bbox 1500 4441 1791 4524; x_wconf 82' lang='lat' dir='ltr'><strong>reliquae</strong></span> <span class='ocrx_word' id='word_1_395' title='bbox 1846 4443 2325 4513; x_wconf 77' lang='lat' dir='ltr'><strong>reservationes</strong></span> <span class='ocrx_word' id='word_1_396' title='bbox 2378 4443 2471 4511; x_wconf 89' lang='lat' dir='ltr'><strong>ibi</strong></span> <span class='ocrx_word' id='word_1_397' title='bbox 2526 4455 2845 4512; x_wconf 78' lang='lat' dir='ltr'><strong>contentae</strong></span> 
     </span>
    </p>
   </div>
  </div>
 </body>
</html>
