2959 4984
584 310 830 362 xxxm.
906 310 1403 366 coNcoana’rA
1440 310 1809 366 BAVARIOA
1849 310 1912 362 A.
1951 308 2110 364 1817.
2444 311 2552 367 209

137 478 347 545 libere
392 480 473 543 ab
520 474 1039 563 Archiepiscopo
1079 474 1190 538 vel
1228 473 1558 563 Episcopo
1603 474 2039 539 conferentur.
2106 508 2190 523 --·
2257 474 2388 541 Pro
2428 477 2554 542 hac

136 578 283 643 vice
330 586 551 641 tamen
573 625 594 659 ,
644 574 984 659 quoniam,
1048 573 1345 662 capitulis
1404 574 1694 639 nondum
1739 574 2095 639 constitutis
2118 623 2138 657 ,
2205 576 2420 641 omnia
2456 598 2550 661 ea,

137 698 307 763 quae
338 678 467 741 hoc
506 675 777 741 articulo
824 682 1061 739 statuta
1100 683 1269 756 sunt,
1308 675 1551 739 servari
1581 696 1714 739 non
1740 683 2034 763 possunt,
2061 674 2344 741 Nuntius
2368 676 2549 765 Apo-

136 776 429 859 stolicuS,
478 774 727 841 collatis
766 796 915 839 cum
961 774 1298 839 Maiestate
1342 772 1484 839 Sua
1523 774 1806 839 consiliis
1856 782 1924 837 et
1961 774 2194 839 auditis
2235 775 2550 843 interesse

135 876 527 941 habentibus
550 923 571 957 ,
632 896 799 939 nova
861 873 1141 961 capitula
1198 872 1560 937 constituet.
1643 872 1832 937 Idem
1890 871 2057 938 circa
2114 875 2390 942 vicarios
2434 898 2552 945 seu

132 974 621 1063 praebendatos
670 973 1138 1039 observabitur.
1165 1010 1245 1019 —-
1268 972 1661 1057 Dignitates,
1709 971 2019 1038 Canonici
2063 982 2128 1037 et
2169 974 2550 1043 Beneficiati

134 1096 369 1138 omnes
414 1072 859 1138 residentiales
903 1073 997 1138 uti
1039 1096 1077 1137 a
1116 1072 1484 1161 pluralitate
1527 1072 1992 1137 beneficiorum
2039 1080 2104 1138 et
2145 1077 2542 1162 praebenda-

132 1198 289 1239 rum
346 1174 529 1239 iuxta
575 1196 785 1239 sacros
834 1172 1132 1239 Canones
1196 1172 1621 1260 prohibentur
1644 1221 1664 1254 ‚
1725 1172 1814 1236 ita
1861 1172 1945 1237 ad
1987 1174 2406 1241 residentiam
2450 1199 2549 1242 se-

120 1275 429 1340 ·cundum
466 1296 689 1338 eorum
734 1272 1071 1339 Canonum
1114 1273 1406 1358 rigorem
1422 1321 1442 1355 ,
1503 1272 1679 1337 salva
1723 1294 1984 1360 semper
2026 1272 2222 1339 Sedis
2265 1275 2550 1364 Aposto-

138 1375 417 1441 stolicae
458 1373 855 1455 auctoritate,
897 1372 1410 1458 adstringuntur.

310 1474 457 1539 Art.
482 1472 600 1538 XI.
644 1473 791 1538 Rex
825 1472 1137 1538 Bavariae
1181 1473 1265 1538 ad
1308 1494 1384 1537 ea
1414 1472 1732 1538 beneficia
1765 1481 1894 1537 tam
1930 1474 2320 1560 parochialia
2356 1497 2552 1561 quam

138 1584 364 1639 curata
432 1594 509 1637 ac
548 1572 865 1661 simplicia
908 1572 1387 1661 praesentabit,
1442 1572 1530 1637 ad
1581 1594 1746 1657 quae
1809 1594 1894 1638 ex
1932 1574 2226 1660 legitimo
2261 1574 2402 1639 iure
2441 1600 2552 1664 pa-

140 1682 439 1740 tronatus
504 1673 639 1737 sive
700 1694 821 1761 per
872 1670 1271 1739 dotationem
1328 1673 1464 1738 sive
1518 1694 1640 1762 per
1696 1673 2183 1757 fundationem,
2246 1674 2382 1739 sive
2435 1698 2556 1764 per

138 1774 694 1840 constructionem
750 1774 1061 1859 acquisito
1117 1774 1254 1838 eius
1322 1782 1766 1839 antecessores
1825 1772 2048 1839 Duces
2107 1783 2174 1838 et
2213 1774 2550 1843 Electores

134 1876 659 1964 praesentabant.
680 1912 765 1921 ——
798 1874 1149 1939 Praeterea
1184 1874 1488 1939 Maiestas
1531 1871 1669 1939 Sua
1714 1874 2152 1961 praesentabit
2193 1875 2278 1938 ad
2321 1897 2417 1945 ea.
2437 1878 2549 1941 be-

134 1976 396 2058 neficia,
438 1975 522 2039 ad
568 1996 733 2060 quae
782 1975 1263 2063 corporationes
1308 1973 1781 2039 ecclesiasticae
1825 1983 1970 2038 actu
2014 1996 2148 2039 non
2191 1974 2546 2042 existentes

133 2077 662 2164 praesentabant.
701 2110 787 2122 ——
832 2072 1096 2140 Subditi
1138 2072 1496 2139 Maiestatis
1545 2072 1722 2140 Suae
1745 2122 1765 2155 ,
1829 2074 1939 2159 qui
1996 2074 2136 2138 iure
2173 2084 2552 2162 patronatus

134 2176 441 2263 legitime
459 2225 479 2259 ,
536 2185 609 2240 ut
652 2196 869 2263 supra,
912 2174 1241 2259 gaudent,
1302 2175 1385 2239 ad
1427 2173 1746 2239 beneficia
1784 2173 2148 2261 respectiva
2191 2182 2322 2240 tam
2364 2198 2552 2263 paro-

136 2277 379 2341 chialia
422 2298 614 2359 quam
659 2282 875 2339 curata
917 2296 993 2338 ac
1034 2273 1351 2363 simplicia
1388 2272 1772 2338 huiusmodi·
1817 2273 1942 2337 iuri
1989 2282 2363 2361 patronatus
2405 2278 2552 2340 sub-

138 2375 311 2441 iecta
356 2374 881 2462 praesentabunt.
912 2412 997 2423 --
1039 2372 1540 2462 Archiepiscopi
1583 2394 1742 2437 vero
1789 2380 1857 2439 et
1899 2372 2207 2462 Episcopi
2250 2395 2552 2461 praesen-

138 2476 290 2541 tatis
338 2474 559 2540 debita
598 2473 909 2558 requisita
950 2473 1339 2539 habentibus
1361 2522 1397 2557 ‚.
1440 2472 1804 2561 praemisso
1857 2473 2028 2537 circa
2083 2473 2443 2539 doctrinam
2489 2483 2558 2539 et

136 2596 363 2641 mores
408 2574 705 2638 examine
744 2576 825 2639 ab
866 2572 1025 2662 ipsis
1072 2573 1438 2641 Ordinariis
1482 2573 1875 2638 instituendo
1902 2618 1922 2655 ,
1991 2572 2045 2637 si
2094 2572 2178 2638 de
2221 2574 2551 2662 parochia-

134 2677 309 2742 libus
355 2684 469 2739 aut
510 2674 593 2738 de
637 2674 873 2738 curatis
910 2674 1263 2739 beneficiis
1286 2683 1516 2759 agatur
1535 2723 1556 2757 ,
1601 2673 1972 2738 canonicam
2018 2673 2262 2739 dabunt
2301 2675 2550 2742 institu-

130 2776 404 2841 tionem.
422 2808 513 2823 ’-
529 2773 973 2838 Praesentatio
1020 2782 1235 2837 autem
1278 2774 1361 2840 ad
1402 2774 1620 2839 omnia
1659 2774 1782 2838 ista
1821 2773 2138 2838 beneficia
2175 2774 2346 2839 intra
2388 2784 2548 2840 tem-

129 2900 259 2963 pus
300 2899 341 2939 a
386 2874 734 2939 canonibus
776 2872 1249 2960 praescriptum
1294 2872 1429 2957 fiet,
1476 2894 1661 2938 secus
1711 2894 1786 2938 ea
1829 2873 2036 2938 libere
2083 2874 2163 2938 ab
2205 2873 2549 2961 Archiepi-

136 2974 362 3061 scopis
408 2982 477 3037 et
518 2972 859 3061 Episcopis
905 2971 1341 3037 conferentur.
1384 3010 1470 3021 --
1539 2963 1814 3057 Reliqua
1857 2995 2018 3037 vero
2060 2973 2374 3039 beneficia
2419 2996 2551 3038 om-

131 3075 243 3138 nia
293 3081 429 3137 tam
469 3072 861 3159 paroehialia
906 3091 1096 3156 quam
1141 3082 1357 3137 curata
1398 3095 1473 3137 ac
1513 3071 1849 3159 simplicia,
1896 3094 2060 3157 quae
2109 3081 2551 3138 antecessores

135 3172 495 3239 Antistites
536 3179 679 3235 octo
724 3170 1143 3235 ecclesiarum
1185 3171 1404 3258 Regni
1448 3172 1764 3237 Bavariae
1824 3172 2244 3236 conferebant
2264 3221 2285 3255 ,
2343 3172 2551 3237 libere

126 3276 213 3339 ab
269 3270 807 3359 Archiepiscopis
874 3279 938 3334 et
992 3269 1333 3359 Episcopis
1396 3271 1694 3360 personis
1739 3270 2058 3337 Maiestati
2106 3270 2282 3337 Suae
2345 3273 2548 3359 gratis

130 3372 580 3439 conferentur.
2371 3360 2377 3362 *¹

307 3471 459 3537 Art.
502 3468 659 3535 XII.
744 3470 877 3536 Pro
915 3470 1237 3557 regimine
1267 3470 1686 3536 Dioecesium
1722 3470 2252 3560 Archiepiscopis
2302 3481 2368 3535 et
2396 3471 2552 3559 Epi-

142 3569 367 3660 scopis
417 3570 487 3635 id
530 3592 719 3635 omne
784 3591 1093 3635 exercere
1136 3570 1415 3635 liberum
1464 3570 1631 3654 erit,
1696 3569 1869 3656 quod
1928 3570 1997 3635 in
2036 3571 2170 3634 vim
2214 3570 2550 3657 pastoralis

138 3695 375 3739 eorum
420 3669 759 3736 ministerii
802 3669 939 3739 sive
984 3692 1070 3735 ex
1112 3670 1547 3735 declaratione
1571 3720 1591 3754 ,
1655 3670 1791 3735 sive
1837 3694 1922 3735 ex
1965 3670 2387 3757 dispositione
2430 3666 2548 3736 Sa-

138 3794 408 3839 crorum
468 3792 781 3836 canonum
848 3768 1206 3835 seeundum
1262 3781 1675 3859 praesentem
1731 3768 1798 3835 e't
1853 3796 1892 3835 a
1931 3768 2169 3839 Sancta
2213 3766 2392 3835 Sede
2435 3768 2546 3834 ad-

136 3872 485 3960 probatam
524 3869 857 3935 Ecclesiae
902 3870 1307 3959 disciplinam
1344 3871 1690 3957 ·competit,
1735 3894 1808 3935 ac
1853 3870 2278 3959 praesertim:
2326 3868 2392 3953 a)
2431 3868 2548 3933 Vi-

138 3970 353 4035 carios
394 3967 815 4034 Consiliarios
860 3979 928 4035 et
950 3970 1305 4036 Adiutores
1348 3970 1920 4035 administrationis
1941 3968 2118 4036 Suae
2155 3968 2545 4033 constituere

139 4068 635 4137 Ecclesiastioos
677 4091 1117 4155 quoscumque
1179 4093 1341 4156 quos
1383 4071 1468 4136 ad
1509 4070 1840 4158 praedicta
1883 4070 2096 4135 officia
2137 4069 2408 4133 idoneos
2451 4067 2546 4132 iu—

142 4168 553 4250 dicaverint3
618 4170 689 4252 b)
734 4170 849 4234 Ad
913 4178 1146 4235 statum
1212 4170 1576 4235 clericalem
1620 4166 1949 4236 assumere
1995 4178 2059 4233 et
2097 4166 2468 4256 approhatis
2513 4190 2552 4231 a

142 4268 369 4337 Sacris
414 4268 765 4335 canonibus
812 4267 1016 4335 titulis
1056 4270 1142 4335 ad
1192 4270 1455 4335 ordines
1498 4270 1690 4335 etiam
1735 4270 2032 4353 maioreS,
2088 4268 2353 4358 praevio
2399 4288 2548 4332 exa-

140 4370 323 4436 mine
380 4372 462 4436 ab
516 4369 677 4457 ipsis
722 4368 1253 4459 Archiepiscopis
1314 4380 1381 4435 et
1430 4367 1774 4459 Episcopis
1831 4380 1942 4436 aut
2009 4393 2232 4436 eorum
2273 4366 2552 4435 Vicariis

143 4492 291 4537 cum
334 4464 903 4536 Examinatoribus
947 4471 1369 4557 synodalibus
1410 4470 1808 4536 instituendo
1835 4521 1854 4556 ,
1898 4492 2286 4561 promovere
2295 4520 2320 4555 .,
2385 4490 2549 4553 quos

200 4574 379 4619 Walter
414 4572 593 4617 Fontes
631 4574 747 4617 ium
778 4576 1112 4619 ecclesiastici.
2079 4574 2150 4627 14
