2959 4984
423 297 534 355 478
673 295 944 350 Lxxvn.
1017 289 1264 346 BULLA
1299 293 1440 346 PRO
1475 293 1725 350 REGNO
1762 295 2256 352 uoscovrrteo
2294 301 2358 352 A.
2398 297 2557 356 1848.

425 461 636 552 deque
663 458 1086 551 Apostolieae
1109 462 1452 550 potestatis
1479 461 1889 551 plenitudine
1922 463 2143 548 factas,
2186 475 2255 532 et
2276 467 2654 534 emanantes
2684 493 2803 536 om-

420 563 690 632 nimoda
731 561 1034 628 firmitate
1075 572 1393 652 perpetuo
1433 561 1705 646 validas,
1748 573 1815 630 et
1856 565 2154 631 efficaces
2194 566 2501 654 existere,
2536 591 2802 655 suosque

426 662 786 754 plenarios,
815 671 882 728 et
923 661 1221 749 integros
1265 661 1536 730 effectus
1577 663 1815 750 sortiri,
1858 672 1926 730 et
1958 665 2271 752 obtinere,
2312 691 2389 734 ac
2412 669 2495 734 ab
2524 671 2806 736 omnibus

423 763 508 832 ad
551 785 714 850 quos
754 769 1020 852 spectat,
1069 769 1136 826 et
1163 762 1480 851 spectabit
1534 763 2025 848 quomodolibet
2054 766 2125 831 in
2154 767 2443 834 futurum
2478 779 2808 858 perpetuo,

419 873 486 930 et
541 861 1000 929 inviolabiliter
1061 862 1392 931 observari
1406 912 1427 946 ,
1495 872 1563 928 et
1620 863 1915 948 ejusdem
1960 863 2435 934 chersonensis
2478 867 2802 936 Ecclesiae

413 964 668 1030 noviter
711 971 988 1045 erectae,
1029 971 1098 1027 et
1132 961 1402 1028 aliarum
1429 961 1873 1030 Ecclesiarum
1906 965 1981 1031 in
2016 965 2327 1034 Russiaco
2366 967 2649 1056 imperic
2679 971 2805 1055 jam

417 1062 834 1130 existentium
876 1061 1294 1129 Antistitibus
1309 1113 1330 1146 ,
1377 1059 1733 1151 capitulis,
1781 1073 1847 1129 et
1892 1063 2265 1152 canonicis,
2310 1068 2609 1154 aliisque,
2652 1091 2799 1155 quo·

413 1187 560 1232 rum
603 1163 892 1230 favorem
937 1169 1312 1251 praesentes
1358 1161 1641 1228 Nostrae
1688 1161 1975 1230 Litterae
2014 1167 2408 1255 respiciunt,
2464 1171 2799 1258 perpetuis

414 1265 648 1332 futuris
689 1263 1090 1352 temporibus
1139 1261 1516 1351 plenissime
1554 1261 1900 1350 suffragari
1949 1264 2213 1351 debere,
2260 1268 2664 1355 eosdemque
2704 1293 2799 1337 su-

411 1387 534 1457 per
572 1361 948 1481 praemissis
993 1362 1290 1430 omnibus
1329 1370 1399 1426 et
1437 1362 1736 1449 singulis,
1778 1365 1887 1430 vel
1930 1365 2195 1432 illorum
2234 1389 2423 1436 causa
2462 1371 2545 1435 ab
2583 1367 2797 1454 aliqui—

412 1469 532 1534 bus
593 1464 816 1552 quavis
869 1463 1248 1528 auctoritate
1293 1461 1783 1548 quomodolibet
1822 1465 2153 1532 molestari
2167 1517 2186 1550 ,
2250 1466 2633 1553 inquietari,
2698 1468 2801 1534 vel

406 1563 712 1662 impediri
757 1583 954 1652 posse
995 1583 1211 1648 neque
1247 1561 1331 1626 ad
1373 1563 1857 1650 probationem,
1918 1585 2036 1629 seu
2080 1564 2593 1632 verificationem
2641 1589 2785 1654 quo-

405 1683 828 1751 rumcumque
883 1661 952 1728 in
995 1661 1244 1728 eisdem
1289 1663 1739 1751 praesentibus
1780 1662 2043 1730 Nostris
2090 1664 2357 1732 Litteris
2398 1677 2795 1734 narratorum

405 1765 774 1831 nullatenus
811 1783 1094 1847 unquam
1134 1761 1382 1845 teneri,
1421 1784 1545 1827 nec
1585 1762 1669 1827 ad
1706 1762 1843 1828 id
1818 1787 1888 1828 m
1921 1761 2171 1849 judicio
2185 1814 2205 1847 ,
2241 1767 2353 1831 vel
2396 1777 2583 1833 extra
2630 1769 2787 1854 cog-i,

406 1887 524 1932 seu
566 1861 868 1952 compelli
903 1883 1121 1950 posse,
1161 1871 1228 1928 et
1265 1862 1319 1928 si
1361 1884 1549 1929 secus
1590 1885 1791 1951 super
1828 1863 1933 1928 his
1972 1887 2011 1928 a
2051 1885 2374 1952 quoquam
2409 1867 2635 1952 quavis
2664 1891 2793 1932 auc·

405 1963 663 2031 toritate
703 1961 986 2028 scienter
1025 1961 1136 2028 vel
1177 1961 1557 2049 ignoranter
1600 1962 1949 2052 contigerit
1992 1965 2291 2030 attentari
2306 2018 2327 2052 ,
2384 1966 2675 2052 irritum,
2736 1977 2793 2032 et

400 2085 669 2152 prorsus
711 2063 902 2128 inane
949 2083 1094 2128 esse
1113 2114 1134 2148 ,
1191 2071 1258 2128 et
1293 2063 1469 2149 fore,
1508 2063 1648 2151 pari
1694 2064 2075 2130 auctoritate
2124 2065 2367 2132 Nostra
2413 2067 2785 2156 Apostolica

398 2163 719 2248 volumus,
765 2171 958 2248 atque
1001 2161 1432 2228 decernimus.

564 2263 718 2330 Non
783 2261 1182 2328 obstantibus
1243 2262 1326 2328 de
1375 2263 1529 2348 jure
1584 2262 1871 2347 quaesito
1930 2284 2065 2328 non
2122 2262 2416 2328 tollendo
2435 2315 2456 2348 ,
2524 2265 2786 2350 aliisque

394 2363 675 2449 Nostris,
711 2371 777 2428 et
793 2360 1234 2428 cancellariae
1259 2361 1681 2450 Apostolicae
1704 2363 1975 2449 regulis,
2004 2386 2081 2428 ac
2102 2363 2487 2453 supradictis
2509 2365 2784 2453 Aposto—

391 2465 536 2531 licis
576 2462 841 2530 Litteris
883 2487 922 2527 a
959 2483 1092 2528 rec.
1134 2483 1327 2528 mem.
1369 2461 1489 2527 Pio
1532 2459 1637 2528 VI
1676 2463 2045 2528 Decessore
2085 2461 2333 2529 Nostro
2368 2463 2785 2530 XV.‘Kalen-

394 2565 510 2631 das
537 2561 924 2630 Decembris
953 2562 1151 2628 Anno
1197 2561 1360 2628 1798
1403 2561 1618 2646 editis,
1668 2584 1833 2648 quae
1872 2563 2189 2652 incipiunt
2233 2563 2577 2646 „Maximis
2616 2565 2790 2630 undi-

400 2687 528 2752 que
582 2664 831 2754 pressi“
889 2683 1014 2728 nec
1052 2685 1184 2728 non
1231 2661 1545 2728 dictarum
1584 2661 2025 2728 Ecclesiamm
2072 2663 2265 2728 etiam
2310 2663 2787 2730 confirmatione

393 2764 776 2854 Apostolica
797 2815 818 2848 ,
857 2763 967 2828 vel
1015 2761 1238 2848 quavis
1282 2762 1587 2828 firmitate
1627 2761 1755 2826 alia
1798 2762 2113 2827 roboratis
2136 2812 2157 2846 ,
2206 2763 2475 2844 statutis,
2526 2782 2785 2829 consue-

391 2864 722 2930 tudinibus
763 2863 957 2928 etiam
999 2861 1639 2946 immemorabilibus,
1682 2860 2047 2949 privileg-iis
2089 2882 2351 2948 quoque
2390 2861 2683 2946 indultis,
2724 2873 2785 2930 et

386 2960 908 3028 concessionibus
955 2961 1246 3046 quamvis
1291 2961 1629 3050 specifica,
1688 2970 1758 3026 et
1792 2961 2129 3027 individua
2168 2963 2501 3028 mentione
2548 2963 2783 3052 dignis,

393 3071 461 3128 et
501 3061 800 3126 omnibus
845 3069 910 3125 et
951 3061 1230 3147 singulis
1277 3061 1709 3150 Apostolicis,
1753 3084 1826 3126 ac
1874 3061 1945 3128 in
1984 3061 2463 3148 synodalibus,
2520 3063 2783 3129 Provin-

387 3158 650 3225 cialibus
665 3211 686 3244 ,
731 3168 798 3224 et
835 3158 1330 3226 Universalibus
1377 3159 1685 3228 Consiliis
1728 3159 1919 3226 editis
1962 3161 2351 3248 specialibus
2366 3212 2387 3245 ,
2430 3163 2543 3228 vel
2585 3183 2779 3250 gene-

388 3258 629 3325 ralibus
675 3255 1256 3326 constitutionibus
1317 3268 1382 3324 et
1425 3258 1979 3328 ordinationibus.
2075 3259 2331 3344 Quibus
2378 3262 2677 3326 omnibus
2720 3269 2783 3326 et

387 3359 660 3445 singulis
705 3358 952 3424 etiamsi
991 3359 1076 3424 de
1117 3361 1270 3445 illis,
1316 3381 1671 3446 eorumque
1712 3361 1863 3426 totis
1906 3361 2239 3426 tenoribus
2280 3359 2601 3448 specialis,
2641 3381 2781 3450 vspe-

389 3459 572 3526 cifica
587 3511 606 3544 ,
653 3467 720 3524 et
756 3457 1092 3524 individua
1133 3461 1396 3542 mentio,
1443 3483 1563 3526 scu
1612 3461 1881 3546 quaevis
1919 3460 2048 3528 alia
2087 3459 2421 3548 expressio
2459 3459 2779 3543 habenda,

386 3568 498 3626 aut
556 3559 680 3624 alia
720 3558 934 3646 aliqua
981 3560 1305 3644 exquisita
1345 3560 1555 3626 forma
1596 3561 1680 3626 ad
1724 3561 1851 3626 hoc
1888 3560 2206 3626 servanda-
2251 3560 2456 3644 foret,
2523 3559 2781 3624 illorum

383 3669 666 3746 tenores,
703 3683 777 3724 ac
807 3657 859 3726 si
892 3659 976 3724 de
1007 3662 1210 3726 verbo
1240 3659 1323 3724 ad
1356 3663 1650 3744 verbum,
1682 3661 1843 3726 nihil
1880 3661 2144 3750 penitus
2174 3659 2433 3744 omisso,
2476 3667 2550 3723 et
2575 3659 2779 3724 forma

382 3761 450 3825 in
488 3759 619 3824 illis
660 3759 895 3826 tradita
937 3761 1312 3846 observata,
1371 3761 1598 3827 inserti
1644 3762 1891 3846 forent,
1955 3760 2401 3850 praesentibus
2446 3759 2781 3840 habentes,

377 3859 462 3924 ad
497 3861 998 3949 praemi-ssorum
1041 3862 1329 3928 omnium
1371 3873 1438 3928 et
1476 3863 1884 3952 singulorum
1930 3863 2266 3927 dumtaxat
2310 3859 2619 3926 effectum
2644 3858 2771 3924 illis

377 3959 534 4024 alias
569 3961 642 4025 in
682 3959 761 4026 iis
778 4012 798 4046 ,
868 3982 1035 4046 quae
1076 3965 1527 4050 praesentibus
1570 3986 1703 4028 non
1748 3964 2171 4030 adversantur
2188 4009 2207 4044 ,
2272 3960 2343 4026 in
2382 3981 2499 4024 suo
2543 3963 2775 4026 robore

379 4060 854 4147 permansuris,
920 4061 1260 4146 latissime,
1325 4063 1699 4152 plenissime
1750 4063 2152 4152 specialiter,
2221 4071 2288 4126 et
2334 4079 2651 4148 expresse
2694 4060 2773 4124 de

384 4159 805 4248 Apostolicae
847 4163 1184 4252 potestatis
1220 4163 1630 4253 plenitudine
1668 4163 2079 4251 derogamus,
2126 4172 2194 4228 et
2220 4161 2610 4284 derogatum
2638 4185 2773 4230 esse

377 4261 698 4346 volumus,
741 4265 1141 4351 caeterisque
1185 4263 1521 4330 contrariis
1568 4264 2100 4350 quibuscumque.
2242 4293 2249 4296 ·

543 4359 866 4427 Volumus
905 4373 1143 4448 autem,
1185 4374 1260 4430 ut
1299 4365 1587 4453 ipsarum
1632 4365 2069 4453 praesentium
2114 4361 2535 4453 transumptis
2573 4365 2767 4431 etiam

379 4455 712 4540 impressis
753 4481 946 4524 manu
985 4471 1204 4528 tamen
1247 4463 1516 4550 alicujus
1558 4465 1799 4553 publici
1838 4463 2093 4530 Notarii
2134 4463 2534 4552 subscriptis,
2584 4475 2658 4535 et·
2691 4465 2765 4532 si-
