2959 4984
343 290 452 346 346
885 288 1521 345 OBERRHmmscHE
1562 292 2218 349 KIRGHENPROVINZ.

349 462 584 527 erroris
627 458 1012 549 periculum,
1054 458 1394 547 ipsamque
1435 462 1871 550 suspicionem
1914 470 2233 529 avertere.
2272 464 2453 530 Vero
2494 488 2753 531 summo

348 590 494 631 cum
542 566 803 657 dolore,
867 586 990 630 nec
1032 587 1188 631 sane
1233 565 1482 631 minore
1527 589 1671 629 cum
1714 566 2139 631 admiratione
2178 566 2441 631 rationis
2487 576 2755 631 vestrae

343 666 582 732 frustra
621 666 821 731 fuisse
867 688 1046 753 spem
1085 665 1414 749 Nostram,
1459 666 1601 755 ipsa
1636 667 1764 731 iam
1802 686 1875 731 re
1924 666 2324 733 declaratum
2368 675 2485 732 est.
2548 667 2757 750 Quod

347 766 518 831 enim
565 766 865 856 privatim
907 766 1182 831 relatum
1227 775 1366 831 erat
1388 816 1409 851 ,
1461 767 1531 831 id
1577 766 1705 833 iam
1752 766 2039 856 publicis·
2076 768 2271 833 etiam
2306 768 2544 833 litteris
2588 792 2753 833 nun-

346 866 550 931 ciatur
566 916 586 949 ,
628 890 702 931 ac
745 865 1143 953 gravissimis
1190 867 1609 932 confirmatur
1634 868 2162 955 certissimisque
2210 869 2595 935 testimoniis
2614 920 2633 953 ,
2676 878 2759 933 ut

344 988 724 1055 persuasum
770 968 1012 1032 habere
1055 966 1264 1032 Nobis
1307 986 1578 1033 necesse
1618 966 1835 1051 fuerit,
1879 988 2079 1032 novas
2123 990 2229 1033 res
2272 968 2488 1035 isthuc
2524 970 2754 1035 induc-

347 1076 441 1131 tas
497 1064 674 1131 falsis
721 1065 977 1131 innixas
1023 1068 1442 1152 erroneisque
1488 1067 1859 1156 principiis,
1926 1076 2155 1157 utpote
2202 1090 2367 1154 quae
2414 1070 2755 1136 doctrinae

345 1189 418 1230 ac
472 1166 730 1252 legibus
793 1166 1222 1231 adversentur
1263 1167 1595 1235 Ecclesiae
1648 1166 1890 1232 Christi
1910 1217 1929 1251 ,
1998 1178 2353 1257 aperteque
2397 1170 2483 1234 ad
2527 1170 2749 1259 perni-

345 1266 509 1331 ciem
576 1274 872 1355 spectent
928 1266 1320 1351 animarum,
1383 1268 1543 1333 ferri
1595 1268 1663 1333 in
1712 1267 1941 1333 eadem
1984 1268 2278 1336 Ecclesia
2318 1271 2503 1337 nullo
2548 1272 2751 1337 modo

343 1389 556 1456 posse.
1283 1346 1300 1369 ⁹

518 1464 663 1553 (Π.)
749 1466 987 1533 Libera
1033 1474 1130 1531 est
1167 1466 1568 1533 institutione
1612 1468 1848 1552 divina,
1896 1468 2187 1556 nullique
2228 1471 2511 1537 obnoxia
2548 1480 2755 1537 terre-

349 1590 470 1635 nae
531 1567 834 1658 potestati
889 1566 1269 1633 intemerata
1313 1566 1575 1657 Sponsa
1628 1570 2020 1635 immaculati
2058 1571 2241 1657 Agni
2288 1570 2537 1637 Christi
2574 1572 2751 1637 Iesu.

353 1671 447 1735 At
509 1688 631 1758 per
685 1668 987 1757 profanas
1037 1668 1180 1733 illas
1237 1670 1559 1735 novitates
1614 1670 1684 1735 in
1735 1673 2114 1759 probrosam
2156 1671 2483 1758 redigitur
2524 1672 2753 1737 miser-

347 1770 705 1853 rimamque
751 1768 1145 1852 servitutem,
1194 1769 1348 1833 dum
1390 1770 1592 1835 laicae
1636 1770 1939 1858 potestati
1983 1770 2186 1837 libera
2230 1770 2419 1835 datur
2456 1772 2752 1855 facultas,

346 1868 657 1957 Synodos
704 1868 1119 1933 dioecesanas
1161 1870 1586 1935 confirmandi
1630 1872 1739 1936 vel
1779 1870 2138 1958 rejiciendi,
2183 1871 2543 1937 Dioeceses
2590 1872 2753 1938 divi—

346 1968 576 2053 dendi,
643 1968 990 2034 initiandos
1052 1968 1249 2035 sacris
1315 1968 1676 2037 Ordinibus
1744 1971 2079 2037 Ministros
2148 1978 2215 2036 et
2271 1971 2748 2037 Ecclesiasticis

344 2068 718 2135 muneribus
762 2068 1234 2156 praeficiendos
1281 2070 1641 2156 seligendi3
1700 2070 2001 2158 regimen
2043 2080 2383 2160 praeterea
2426 2071 2526 2136 illi
2566 2073 2747 2137 attri-

345 2170 562 2235 buitur
599 2168 946 2255 religiosae
979 2178 1045 2234 et
1070 2171 1332 2235 moralis
1362 2171 1783 2237 institutionis
1812 2194 1885 2237 ac
1914 2170 2331 2260 disciplinae3
2374 2171 2521 2260 ipsa
2554 2173 2749 2238 etiam

345 2268 706 2338 Seminaria
751 2278 948 2355 atque
997 2270 1120 2335 alia
1167 2270 1484 2337 eiusmodi
1528 2271 2113 2358 quomodocunque
2157 2272 2490 2359 spirituale
2520 2272 2750 2339 Eccle-

347 2372 480 2437 siae
522 2370 821 2458 regimen
859 2370 1194 2457 attingant,
1237 2372 1500 2437 arbitrio
1540 2372 2023 2437 committuntur
2048 2372 2377 2455 laicorum,
2418 2372 2753 2462 impeditis

344 2472 508 2537 adeo
553 2470 877 2555 fidelibus,
926 2494 1010 2536 ne
1060 2494 1204 2537 cum
1249 2494 1499 2537 summo
1544 2472 1718 2537 illius
1770 2473 1976 2561 capite
2024 2472 2497 2539 communicare
2542 2473 2751 2539 libere

343 2573 612 2661 possint,
657 2581 801 2638 utut
842 2593 918 2637 ca
960 2572 1448 2639 communicatio
1488 2574 1572 2638 ad
1597 2573 1800 2661 ipsius
1831 2573 2163 2639 Ecclesiae
2192 2570 2571 2639 Catholicae
2598 2596 2749 2638 con·

347 2672 694 2738 stitutionis
755 2682 1078 2757 naturam,
1147 2674 1621 2760 essentiamque
1678 2673 2032 2761 pertineat,
2102 2694 2225 2739 nec
2277 2673 2581 2761 intercipi
2633 2673 2749 2737 illa

346 2772 570 2859 possit,
611 2771 766 2856 quin
806 2772 1038 2837 fideles
1080 2781 1444 2860 opportuno
1481 2796 1557 2837 ac
1587 2774 1953 2840 necessario
1985 2774 2317 2840 animabus
2346 2772 2475 2838 suis
2500 2772 2747 2838 auxilio

349 2870 637 2935 destituti
679 2870 748 2935 in
791 2880 1087 2959 apertum
1129 2880 1432 2936 aeternae
1479 2873 1705 2938 salutis
1745 2873 2095 2939 discrimen
2138 2874 2561 2939 adducantur.

517 2968 698 3055 (III.)
782 2969 880 3035 At
937 2992 1013 3035 eo
1069 2970 1300 3035 saltem
1352 2972 1446 3037 uti
1502 2972 1730 3040 solatio
1772 2973 1978 3039 Nobis
2020 2974 2282 3057 liceret,
2343 2972 2557 3059 quod,
2624 2994 2747 3061 pro

347 3068 709 3157 gravissimi
755 3068 976 3137 Officii
1016 3071 1238 3136 Vestri
1279 3092 1573 3156 munere,
1618 3074 1826 3139 omnis
1870 3073 2153 3139 adhibita
2190 3098 2228 3138 a
2262 3074 2491 3139 Vobis
2512 3074 2751 3139 fuisset

350 3170 706 3257 diligentia,
748 3179 820 3235 ut
865 3171 1240 3239 commissos
1283 3196 1480 3239 curae
1501 3174 1779 3241 Vestrae
1804 3175 2039 3239 fideles
2070 3174 2155 3239 de
2183 3173 2543 3241 manifestis
2566 3174 2747 3263 prin-

349 3272 666 3359 cipiorum
707 3271 972 3339 illorum
1011 3274 1340 3341 erroribus
1375 3274 1762 3360 edoceretis,
1806 3299 1883 3341 ac
1912 3276 1994 3341 de
2018 3274 2269 3341 insidiis
2290 3275 2752 3359 admoneretiS,

351 3392 515 3456 quae
558 3371 734 3437 initis
776 3372 1150 3439 huiusmodi
1196 3375 1500 3459 consiliiS,
1544 3375 1920 3463 coeptisque
1964 3376 2371 3464 parabantur.
2432 3376 2753 3442 Vestrum

349 3472 521 3538 enim
585 3472 847 3537 omnino
893 3483 1066 3557 erat,
1138 3496 1212 3539 ea
1259 3476 1489 3541 sedulo
1533 3486 1895 3565 praestare,
1966 3496 2129 3561 quae
2176 3484 2352 3540 tanta
2392 3477 2749 3541 verborum

349 3573 664 3660 gravitate
703 3573 942 3639 Paulus
987 3574 1349 3661 Apostolus
1385 3576 1729 3642 Timotheo
1778 3575 2095 3665 discipulo
2140 3598 2259 3641 suo
2309 3584 2375 3641 et
2412 3576 2555 3641 eius
2598 3598 2749 3665 per-

350 3693 506 3739 sona
547 3674 888 3765 Episcopis
951 3676 1246 3743 omnibus
1288 3679 1603 3763 inculcat,
1672 3700 1817 3743 cum
1860 3678 1982 3743 ait:
2055 3676 2409 3759 „Praedica
2450 3679 2749 3761 verbum,

343 3774 514 3840 insta
556 3787 937 3865 opportune,
981 3778 1368 3867 importune,
1408 3802 1633 3866 argue,
1680 3781 1964 3862 obsecra,
2004 3778 2269 3866 increpa
2309 3778 2379 3841 in
2420 3776 2605 3842 omni·
2635 3801 2748 3866 pa-

345 3875 570 3941 tientia
612 3887 678 3942 et
721 3878 1044 3943 doctriua:
1090 3878 1214 3944 erit
1261 3880 1431 3944 enim
1475 3888 1730 3968 tempus
1780 3900 1929 3944 cum
1969 3902 2189 3943 sanam
2228 3877 2588 3944 doctrinam
2614 3899 2749 3943 non

346 3978 785 4060 sustinebunt,
857 3978 973 4043 sed
1037 3979 1119 4043 ad
1173 4002 1289 4044 sua
1351 3979 1675 4045 desideria
1718 3980 2190 4045 coacervabunt
2228 3978 2351 4044 sibi
2394 3979 2746 4064 magistros

341 4078 707 4163 prurientes
756 4079 1037 4146 auribus.
1075 4131 1090 4145 .
1126 4130 1141 4145 .
1174 4131 1189 4148 .
1234 4080 1334 4146 Tu
1373 4101 1530 4145 vero
1574 4079 1794 4167 vigila,
1838 4080 1907 4145 in
1950 4080 2249 4145 omnibus
2290 4079 2533 4165 labora,
2582 4102 2747 4167 opus

347 4178 448 4242 fac
471 4176 951 4267 Evangelistae,
993 4180 1422 4247 ministerium
1453 4190 1635 4247 tuum
1662 4181 1927 4269 imple.“
1972 4180 2284 4246 Vestrum
2316 4188 2473 4263 erat,
2514 4200 2745 4243 vocem

345 4275 577 4343 tollere
617 4280 1026 4366 pastoralem,
1069 4281 1159 4347 ita
1197 4291 1272 4345 ut
1318 4280 1669 4345 errantium
1712 4278 2045 4365 castigatio
2086 4285 2261 4343 esset
2290 4278 2483 4343 simul
2512 4278 2743 4343 fraeno

339 4398 414 4440 ac
469 4377 685 4442 timori
739 4378 1185 4448 vacillantibus
1201 4431 1220 4465 ,
1279 4381 1462 4446 iuxta
1499 4380 1665 4445 illud
1711 4379 2005 4444 eiusdem
2048 4378 2108 4444 A
2114 4378 2385 4467 postolit
2457 4376 2745 4444 Peccan-

332 4482 432 4539 tes
473 4496 689 4541 coram
735 4480 1030 4546 omnibus
1074 4502 1298 4567 argue,
1350 4488 1423 4546 ut
1464 4488 1532 4545 et
1574 4480 1775 4545 ceteri
1812 4478 2115 4545 timorem
2149 4471 2452 4547 habeant.
2524 4480 2738 4547 Deni-
