2959 4984
335 271 441 328 ⁶32
514 271 809 324 Lxx-mv.
884 259 1399 324 nazsxseflbrn.
1440 257 1650 323 cons.
1689 265 2189 322 venenosum
2231 267 2384 319 vox
2417 263 2582 320 1848.

338 437 513 520 bum,
554 457 689 502 non
726 442 940 498 autem
978 453 1100 522 per
1142 432 1463 500 clausulas
1499 431 1842 518 generales
1879 433 2054 500 idem
2081 434 2532 521 importantes,
2561 455 2763 500 men-

331 535 421 600 tio
441 586 463 621 ,
504 557 622 600 seu
663 533 925 620 quaevis
976 533 1101 598 alia
1145 532 1484 621 expressio
1527 533 1866 619 habenda,
1931 543 2042 600 aut
2084 533 2298 619 aliqua
2341 535 2470 600 alia
2507 535 2754 619 ,exqui-

336 635 456 702 sita
497 637 709 700 forma
744 633 830 700 ad
872 633 999 700 hoc
1044 634 1363 701 servanda
1400 633 1573 698 foret
1589 686 1608 718 ,
1665 643 1923 700 tenores
1973 635 2385 720 hujusmodi,
2437 659 2514 700 ac
2549 635 2608 702 si
2653 637 2754 702 de

333 735 535 800 verbo
588 734 669 800 ad
716 735 1009 817 verbum,
1054 732 1218 800 nihil
1251 733 1512 822 penitus
1559 735 1823 818 omisso,
1863 744 1928 799 et
1970 738 2179 802 forma
2217 735 2290 800 in
2329 736 2460 801 illis
2499 737 2758 804 tradita

336 836 674 902 observata
705 834 1249 923 exprimerentur,
1274 843 1339 901 et
1373 833 1838 919 insererentur,
1879 835 2330 922 praesentibus
2367 859 2492 924 pro
2515 838 2754 924 plene,

338 945 405 1002 et
443 933 843 1002 sufficienter
888 934 1253 1024 expressis,
1314 944 1381 1000 et
1422 935 1682 1002 insertis
1720 934 2070 1019 habentes,
2129 935 2264 1003 illis
2311 936 2468 1003 alias
2507 937 2580 1002 in
2616 960 2752 1002 suo

334 1037 571 1102 robore
608 1033 1051 1121 permansuris
1068 1085 1089 1119 ,
1154 1035 1235 1101 ad
1278 1034 1784 1122 praemissorum
1843 1035 2148 1100 effectum
2204 1036 2328 1105 hae
2366 1036 2508 1102 vice
2553 1039 2752 1105 dum·-

333 1147 509 1204 taxat
556 1135 945 1224 specialiter,
990 1146 1055 1201 et
1103 1157 1415 1224 expresse
1445 1136 1859 1222 derogamus,
1897 1159 1976 1204 ac
2005 1136 2393 1222 derogatum
2437 1160 2584 1206 esse
2625 1162 2750 1204 vo-

332 1239 567 1320 lumus,
618 1235 1020 1320 caeterisque
1064 1235 1402 1302 contrariis
1444 1235 1981 1320 quibuscumque.

499 1337 557 1418 ξ.
603 1336 705 1403 52.
768 1334 861 1404 Ut
904 1345 1121 1402 autem
1158 1336 1425 1402 eaedem
1470 1345 1850 1424 praesentes
1889 1337 2120 1404 literae
2163 1337 2273 1402 ad-
2293 1339 2586 1406 omnium
2625 1363 2749 1404 no—

333 1436 543 1504 titiam
584 1435 837 1502 facilius
884 1435 1265 1520 deveniant,
1320 1436 1620 1502 volumus
1655 1435 1836 1520 illas,
1882 1459 1998 1505 seu
2037 1459 2260 1504 earum
2303 1439 2612 1528 exempla
2657 1439 2750 1504 ad

330 1540 547 1604 valvas
602 1535 937 1604 Ecclesiae
978 1535 1434 1602 Lateranensis
1450 1587 1469 1621 ,
1526 1546 1592 1602 et
1635 1535 1957 1605 Basilicae
2011 1536 2334 1626 Principis
2377 1539 2746 1627 Apostolo-

332 1661 479 1704 rum
500 1689 521 1724 ,
560 1659 817 1704 necnon
860 1636 1305 1707 Cancellariae
1348 1637 1772 1726 Apostolieae
1787 1689 1806 1722 ,
1851 1637 2218 1722 Cariaeque
2271 1635 2626 1706 Generalis
2669 1638 2746 1706 in

335 1737 559 1807 Monte
604 1735 959 1821 Citatorio,
996 1760 1071 1802 ae
1108 1736 1179 1803 in
1222 1737 1391 1802 Acie
1434 1736 1668 1826 Campi
1713 1737 1952 1807 Florae
1991 1738 2080 1802 de
2126 1736 2312 1804 Urbe
2335 1790 2356 1823 ,
2414 1747 2489 1804 ut
2534 1739 2744 1806 moris

332 1847 453 1923 est,
494 1837 701 1924 affigi,
742 1847 807 1902 et
846 1836 1192 1925 publicari,
1254 1836 1477 1922 sicque
1521 1837 1916 1924 publicatas,
1963 1848 2028 1904 et
2065 1837 2296 1904 affixas
2342 1859 2568 1904 omnes
2590 1890 2610 1922 ,
2675 1849 2750 1905 et

331 1937 665 2024 singulos,
711 1959 873 2022 quos
915 1937 1065 2003 illae
1115 1946 1530 2023 concernunt,
1570 1937 1844 2026 perinde
1886 1947 2170 2021 arctare,
2215 1961 2292 2004 ae
2329 1939 2616 2024 afficere,
2661 1963 2744 2004 ac

332 2038 387 2104 si
428 2036 775 2121 unicuique
848 2059 1071 2104 eorum
1116 2037 1496 2104 nominatim
1517 2089 1538 2123 ,
1597 2046 1664 2104 et
1703 2039 2135 2126 personaliter
2189 2038 2524 2104 intimatae
2581 2040 2742 2106 fuis-

331 2147 508 2204 sent:
552 2137 840 2226 ipsarum
882 2146 1099 2203 autem
1140 2139 1475 2208 literarum
1517 2139 1962 2227 transumptis,
2007 2161 2122 2205 seu
2169 2140 2492 2227 exemplis
2537 2140 2742 2206 etiam

326 2237 659 2326 impressis
680 2287 703 2322 ,
765 2259 959 2304 manu
1002 2247 1219 2306 tamen
1263 2239 1533 2326 alicujus
1577 2237 1830 2306 Notarii
1879 2239 2130 2328 publici
2171 2239 2552 2328 subscriptis
2571 2292 2592 2325 ,
2665 2250 2740 2306 et

332 2337 555 2425 sigillo
620 2359 940 2426 personae
990 2337 1061 2404 in
1113 2337 1572 2404 Ecclesiastica
1636 2340 1954 2427 dignitate
2015 2339 2405 2408 constitutae
2449 2339 2746 2423 munitis,

332 2437 626 2504 eamdem
662 2461 933 2526 prorsus
978 2437 1175 2504 fidem
1217 2449 1346 2506 tam
1398 2439 1465 2504 in
1501 2439 1774 2524 judicic,
1818 2462 2010 2526 quam
2059 2451 2248 2508 extra
2287 2440 2452 2506 illud
2495 2441 2746 2526 ubique

329 2537 629 2604 locorum
673 2536 923 2622 haberi,
968 2559 1135 2623 quae
1177 2539 1529 2607 haberetur
1569 2539 1730 2629 ipsis
1759 2542 2232 2628 praesentibus,
2279 2541 2334 2606 si
2375 2541 2599 2608 forent
2622 2562 2740 2606 ex-

330 2637 593 2724 hibitae,
636 2638 745 2702 vel
790 2648 1107 2704 ostensae.

497 2740 555 2820 §.
600 2739 701 2804 53.
787 2737 975 2804 Nulli
1032 2761 1193 2824 ergo
1267 2738 1528 2807 omnino
1571 2738 1906 2805 hominum
1969 2741 2167 2808 liceat
2205 2741 2374 2806 hanc
2429 2742 2742 2828 paginam

335 2837 560 2903 Nostri
606 2837 876 2921 decreti,
920 2827 1415 2922 constitutionis,
1470 2837 1946 2923 declarationis,
1993 2841 2474 2925 annullationis,
2513 2841 2739 2907 admo·

330 2937 613 3022 nitioniS‚
659 2947 725 3001 et
752 2938 1103 3004 voluntatis
1146 2938 1532 3024 infringere,
1575 2939 1682 3004 vel
1715 2939 1774 3003 ei
1799 2962 1960 3007 ausu
1989 2941 2340 3008 temerario
2367 2942 2736 3008 contraire·
2719 2991 2736 3024 ‚

331 3039 384 3104 si
428 3039 570 3124 quis
615 3049 835 3104 autem
870 3040 998 3104 hoe
1038 3048 1357 3104 attentare
1398 3040 1942 3128 praesumpserit,
2003 3040 2528 3126 indignationem
2577 3041 2738 3110 Om-

314 3138 685 3228 'nipotentis
726 3139 897 3224 Dei,
947 3163 1022 3205 ae
1063 3139 1419 3207 Beatorum
1461 3140 1678 3225 Petri,
1729 3151 1794 3206 et
1835 3140 2024 3208 Pauli
2069 3139 2546 3228 Apostolorum
2593 3143 2738 3226 ejus

330 3260 401 3304 se
449 3239 707 3304 noverit
764 3240 1195 3306 incursurum.
1277 3239 1524 3309 Datum
1579 3241 1826 3310 Romae
1879 3238 2052 3326 aqud
2099 3239 2408 3309 Sanctam
2464 3239 2739 3306 Mariam

329 3338 648 3425 Majorem
716 3361 883 3404 anno
928 3339 1401 3408 Incarnationis
1460 3340 1849 3409 Dominicae
1893 3339 2238 3406 millesimo
2297 3339 2740 3426 septingente-

331 3439 493 3506 simo
562 3438 1063 3526 quadragesimo
1118 3440 1407 3507 secundo
1433 3491 1455 3523 ,
1517 3441 1710 3506 tertio
1759 3440 1908 3508 Kal.
1957 3439 2248 3526 Aprilis,
2308 3438 2737 3507 Pontificatus

329 3538 559 3606 Nostri
595 3539 793 3606 Anno
832 3539 921 3606 II.

430 3721 807 3794 LXXXIV.
895 3725 1607 3794 Erzbisehoflich
1667 3725 2138 3792 Colnische
2207 3723 2629 3790 Bekannt-

493 3826 906 3914 machung·
948 3850 1121 3892 vom
1168 3828 1269 3894 26.
1310 3828 1788 3895 December
1831 3825 2012 3892 1848.
2059 3824 2187 3889 die
2235 3822 2566 3891 Consti-

526 3924 874 4014 tuirung
915 3927 1429 4014 geistlicher
1475 3925 1889 3998 Gerichte
1938 3923 2533 4010 betreffend*).

497 4075 839 4142 Nachdem
876 4077 983 4142 ich
1021 4078 1112 4144 im
1154 4077 1359 4144 Laufe
1404 4079 1524 4142 der
1562 4075 2304 4164 Disscesanverwaltung
2345 4076 2450 4141 die
2489 4075 2734 4142 Wahr-

330 4176 667 4264 nehmung
704 4179 1014 4264 gemacht
1048 4179 1247 4264 hatte,
1292 4178 1438 4242 dass
1485 4177 1590 4243 die
1631 4178 1873 4244 beiden
1899 4177 2396 4264 Abtheilungen
2427 4178 2543 4242 des
2575 4175 2734 4244 Erz-

524 4351 575 4419 ²¹³)
618 4351 830 4422 Recepi
878 4351 985 4408 hoe
1022 4351 1269 4409 edictum
1303 4356 1568 4422 tanquam
1607 4353 1920 4422 specimen,
1967 4367 2080 4420 qua
2111 4350 2332 4413 ratione
2365 4355 2554 4422 gravis
2594 4354 2734 4412 lnce

334 4438 587 4503 quaestio
622 4439 683 4492 in
716 4439 1001 4506 praesenti
1035 4455 1222 4495 rerum
1256 4443 1407 4492 statu
1446 4440 1744 4496 tractanda
1777 4440 1864 4495 sit
