2959 4984
422 255 531 312 590
684 257 847 310 1011.
918 255 1161 308 13anss
1202 253 1459 317 QUOAD
1498 255 1960 308 ua'rmuoma
1997 255 2228 308 Mlx‘ra
2267 256 2334 308 Δ.
2369 253 2526 310 1830.

421 419 669 486 hendas
708 419 825 486 illa
862 443 901 486 a
941 417 1175 504 Vobis,
1216 427 1329 486 aut
1368 442 1409 484 a
1448 419 1750 507 parochis
1795 419 2180 488 Vestrarum
2227 422 2616 490 dioecesium
2653 421 2811 486 fieri·

418 520 883 588 assentiremur
898 571 918 605 ,
962 542 1083 608 per
1132 541 1297 607 quae
1340 519 1397 586 si
1438 541 1571 584 non
1612 520 1832 586 verbis
1849 569 1870 604 ,
1915 522 2102 588 factis
2152 532 2372 588 tamen
2415 523 2572 610 ipsis
2609 521 2806 588 indis-

424 621 815 688 criminatim
856 622 1393 709 approbarentur.
1454 621 1676 702 Quare
1717 619 1859 688 Nos
1901 643 2319 710 summopere
2363 623 2812 688 commendan-

414 729 515 788 tes
558 723 775 788 zelum
810 721 997 786 illum
1038 721 1349 788 Vestrum
1374 771 1395 805 ,
1468 741 1600 806 quo
1667 721 2024 788 catholicos
2069 722 2350 790 Vestrae
2413 734 2600 790 cura'e
2641 745 2812 788 com-

418 819 651 886 missos
693 845 734 886 a
770 819 1112 887 connubiis
1156 819 1379 886 mixtis
1428 830 1726 886 avertere
1768 821 2080 888 hactenus
2125 823 2539 890 allaborastis
2558 876 2577 909 ,
2623 825 2814 890 enixe

418 919 561 986 Vos
604 921 675 986 in
714 920 1001 987 Domino
1040 920 1469 986 exhortamur
1490 971 1509 1004 ‚
1581 930 1656 987 ut
1716 921 1990 1007 posthac
2058 922 2306 1010 pariter
2363 923 2432 988 in
2483 925 2553 990 id
2609 926 2814 1012 ipsum

418 1020 649 1086 sedulo
690 1019 1083 1086 incumbatis
1124 1020 1197 1086 in
1238 1021 1417 1087 omni
1458 1021 1776 1107 patientia
1823 1031 1890 1088 et
1933 1021 2270 1088 doctrinm
2309 1023 2544 1089 horum
2583 1025 2814 1090 deinde

414 1121 711 1187 laborum
750 1119 1083 1209 copiosam
1140 1121 1213 1185 in
1273 1120 1477 1186 coelis
1538 1122 1913 1188 mercedem
1952 1122 2305 1210 accepturi.
2415 1124 2621 1192 Juxta
2655 1125 2816 1190 haec

416 1222 621 1306 igitur
642 1273 663 1306 ,
738 1221 993 1306 quoties
1035 1221 1423 1309 praesertim
1466 1221 1785 1286 catholiea
1839 1222 2058 1310 aliqua
2100 1223 2338 1288 mulier
2377 1223 2520 1289 viro
2561 1223 2814 1290 acatho-

418 1321 547 1387 lico
590 1322 843 1387 nubere
886 1321 1049 1388 velit
1069 1371 1088 1404 ,
1154 1321 1516 1408 diligenter
1557 1323 1642 1388 ab
1699 1323 2010 1410 episcopo
2075 1343 2191 1388 seu
2247 1346 2288 1387 a
2333 1323 2622 1411 parocho
2667 1323 2815 1388 cdo-

422 1422 633 1488 cenda
674 1420 799 1488 erit
814 1472 833 1506 ,
882 1441 1199 1506 quaenam
1242 1421 1421 1488 circa
1458 1422 1831 1488 huiusmodi
1871 1423 2130 1510 nuptias
2177 1421 2518 1490 canonum
2563 1435 2816 1492 senten-

416 1522 507 1588 tia
546 1521 632 1588 sit
651 1572 672 1607 ,
714 1522 1015 1608 serioque
1056 1522 1467 1588 admonenda
1511 1521 1594 1588 de
1639 1523 1828 1608 gravi
1869 1523 2120 1590 scelere
2135 1575 2156 1607 ,
2215 1547 2344 1612 quo
2383 1526 2557 1614 apud
2605 1525 2816 1592 Deum

414 1643 531 1688 rea
573 1622 689 1688 fiet
713 1671 733 1707 ,
792 1623 847 1688 si
888 1645 1003 1688 eos
1042 1623 1291 1690 violare
1334 1632 1736 1711 praesumat3
1783 1633 1849 1688 et
1885 1623 2168 1690 maxime
2211 1633 2656 1713 opportunum
2699 1626 2816 1690 erit

418 1721 697 1790 eandem
734 1723 1063 1790 adhortari
1084 1775 1105 1808 ,
1172 1733 1247 1788 ut
1310 1723 1682 1790 meminerit
1739 1723 2182 1790 firmissimum
2238 1724 2412 1790 illud
2475 1725 2816 1810 religionis

410 1832 673 1889 nostrae
714 1825 959 1910 dogma
985 1874 1004 1907 ,
1066 1823 1240 1909 quod
1284 1833 1475 1890 extra
1513 1845 1740 1890 veram
1779 1825 2162 1890 catholicam
2207 1825 2410 1892 fidem
2449 1847 2642 1891 nemo
2681 1826 2807 1892 sal-

414 1945 537 1990 vus
580 1943 726 1990 esse
765 1933 1015 2011 potest:
1078 1925 1484 2012 proindeque
1529 1934 1842 2011 agnoscat
1884 1945 1958 1990 se
1995 1925 2066 1990 in
2111 1923 2286 1990 filios
2303 1975 2324 2008 ,
2381 1945 2544 2008 quos
2585 1949 2624 1990 a
2663 1924 2816 1989 Deo

414 2029 771 2110 exspectat,
812 2022 945 2088 iam
986 2047 1162 2090 nunc
1208 2024 1663 2092 crudelissime
1703 2035 1990 2090 acturam
2007 2075 2029 2108 ,
2099 2025 2154 2090 si
2215 2024 2378 2090 tales
2421 2025 2822 2090 contraxerit

414 2123 677 2210 nuptias
695 2172 716 2207 ,
772 2122 843 2187 in
882 2125 1120 2211 quibus
1182 2125 1343 2190 sciat
1382 2124 1646 2191 illorum
1691 2124 2140 2190 educationem
2197 2125 2266 2190 in
2307 2123 2434 2189 viri
2475 2125 2850 2208 acatholici·

410 2221 677 2289 arbitrio
739 2223 1043 2290 futuram.
1154 2223 1339 2307 Quae
1400 2225 1668 2310 quidem
1725 2225 2014 2290 salubria
2073 2225 2318 2290 monita
2375 2235 2564 2290 erunt
2623 2224 2821 2289 etiam

412 2333 609 2410 prout
669 2325 1019 2412 prudentia
1078 2326 1488 2412 suggesserit
1545 2325 1842 2390 iteranda
1899 2347 1978 2390 eo
2043 2325 2434 2414 praesertim
2499 2334 2822 2412 tempore,

410 2445 539 2507 quo
582 2425 959 2512 nuptiarum
1008 2425 1150 2492 dies
1190 2425 1431 2490 instare
1471 2425 1770 2490 videatur
1792 2475 1812 2508 ,
1855 2424 2144 2512 dumque
2179 2423 2506 2490 consuetis
2549 2425 2810 2512 procla-

416 2524 809 2590 mationibus
854 2524 1275 2611 disquiritur,
1315 2534 1536 2592 utrum
1577 2525 1704 2590 alia
1749 2525 1878 2590 sint
1895 2577 1915 2610 ,
1963 2547 2130 2610 quae
2173 2525 2308 2590 illis
2350 2526 2646 2608 obstent,
2699 2525 2822 2590 im-

414 2623 791 2710 pedimenta
834 2625 1160 2692 canonica.
1252 2624 1508 2709 Quodsi
1550 2625 1880 2690 nonnullis
1943 2625 2018 2690 in
2057 2625 2317 2690 casibus
2381 2635 2650 2713 paterna
2691 2625 2812 2690 hu-

408 2723 693 2790 iusmodi
738 2749 1071 2791 sacrorum
1116 2736 1449 2813 pastorum
1500 2725 1714 2790 studia
1769 2725 1838 2790 in
1879 2724 2136 2792 irritum
2177 2725 2421 2792 cadere
2461 2725 2817 2810 contingat,

408 2836 549 2891 tum
594 2847 751 2892 sane
794 2826 1251 2892 abstinendum
1289 2824 1419 2892 erit
1468 2849 1509 2890 a
1549 2825 1865 2890 catholica
1905 2825 2139 2890 eadem
2192 2847 2476 2913 persona
2519 2824 2812 2890 censuris
2932 2879 2933 2882 η

412 2924 485 2991 in
527 2925 709 2990 illam
752 2925 1135 2990 nominatim
1180 2925 1511 3012 expressis
1555 2925 1969 3013 corripienda
1990 2976 2010 3010 ,
2083 2947 2170 2992 ne
2217 2926 2538 2992 tumultus
2579 2925 2816 3012 aliquis

420 3025 745 3092 excitetur
766 3074 787 3108 ,
862 3033 929 3089 et
968 3025 1273 3110 graviora
1312 3025 1411 3091 rei
1454 3027 1812 3092 catholicae
1855 3027 2028 3090 mala
2067 3025 2446 3107 obveniant3
2528 3025 2644 3090 sed
2687 3025 2819 3090 alia

415 3147 503 3190 ex
540 3135 723 3214 parte
770 3125 1097 3192 abstinere
1138 3125 1335 3192 etiam
1362 3125 1746 3194 Catholicns
1781 3125 2014 3190 Pastor
2057 3124 2325 3192 debebit
2357 3147 2494 3192 non
2533 3125 2746 3190 solum
2785 3148 2824 3188 a

411 3225 653 3313 nuptiis
680 3277 700 3310 ,
768 3246 935 3310 quae
980 3225 1217 3292 deinde
1258 3227 1417 3292 fiant
1435 3275 1455 3310 ,
1509 3248 1695 3292 sacro
1741 3247 2156 3312 quocumque
2195 3224 2326 3290 ritu
2371 3225 2822 3309 honestandis,

410 3325 531 3392 sed
576 3324 769 3390 etiam
818 3351 859 3390 a
902 3327 1131 3412 quovis
1176 3336 1325 3392 actu
1348 3377 1368 3410 ,
1424 3347 1554 3410 quo
1595 3328 1965 3414 approbare
2004 3325 2150 3390 illas
2192 3325 2512 3390 videatur.
2599 3325 2823 3406 Quam

410 3426 587 3492 circa
626 3448 769 3492 rem
814 3427 978 3492 illud
1020 3425 1431 3492 solummodo
1474 3426 1546 3490 in
1582 3426 1916 3492 nonnullis
1955 3426 2124 3492 locis
2165 3426 2514 3490 toleratum
2555 3433 2650 3490 est
2677 3475 2702 3508 ,
2753 3437 2826 3491 ut

409 3526 679 3614 parochi
709 3577 729 3612 ,
788 3527 901 3612 qui
942 3525 1027 3592 ad
1065 3527 1365 3614 graviora
1433 3526 1534 3592 rei
1577 3525 1936 3594 catholicae
1999 3525 2410 3592 incommoda
2457 3526 2824 3591 avertenda

412 3627 851 3718 praesentiam
896 3649 1081 3692 suam
1120 3625 1582 3696 contrahendis
1639 3624 1740 3692 his
1804 3625 2047 3713 nuptiis
2089 3628 2434 3712 ‘praestare
2495 3625 2824 3710 cogeban-

411 3738 549 3813 tur,
616 3735 996 3816 paterentur
1062 3727 1324 3812 quidem
1364 3748 1475 3792 eas
1537 3727 1696 3814 ipsis
1741 3727 2193 3814 praesentibus
2239 3725 2474 3792 confici
2516 3725 2598 3809 (si
2632 3726 2824 3793 scili-

414 3839 519 3896 cet
556 3829 813 3895 nullum
856 3828 1035 3894 aliud
1076 3830 1364 3894 obstaret
1404 3827 1786 3894 canonicum
1829 3826 2398 3915 impedimentum)
2457 3835 2530 3892 ut
2587 3825 2826 3892 audito

411 3929 749 4014 utriusque
793 3929 993 4018 partis
1038 3951 1381 4012 consensu,
1424 3927 1736 4016 deinceps
1779 3951 1898 4015 pro
1945 3950 2062 3994 suo
2091 3927 2312 3992 officio
2355 3936 2568 3992 sctum
2593 3925 2828 3992 valide

410 4039 673 4116 gestum
710 4031 781 4095 in
824 4029 1380 4096 matrimoniorum
1420 4028 1664 4096 librum
1705 4028 2030 4094 referrent
2051 4079 2074 4112 ,
2127 4027 2248 4093 sed
2293 4033 2600 4092 caverent
2635 4047 2822 4092 sem—

404 4152 527 4218 per
568 4131 649 4196 ab
690 4129 941 4196 illicitis
986 4128 1361 4196 huiusmodi
1422 4127 1851 4194 matrimoniis
1911 4129 2050 4194 ullo
2092 4151 2210 4195 suo
2255 4137 2408 4194 actu
2443 4127 2822 4215 approban—

416 4230 517 4295 dis
545 4281 564 4314 ‚
622 4231 962 4320 multoque
999 4231 1211 4318 magis
1254 4255 1297 4294 a
1336 4231 1538 4294 sacris
1579 4229 1886 4316 precibus
1909 4239 1996 4294 -et
2044 4230 2127 4294 ab
2169 4227 2604 4294 eeclesiastico
2639 4248 2822 4311 quo-

413 4330 513 4394 vis
556 4330 687 4394 ritu
728 4329 979 4394 eisdem
1020 4331 1463 4396 admiscendo.
1527 4327 1844 4414 Sequitur
1879 4330 2030 4414 iam,
2075 4340 2150 4395 ut
2189 4329 2274 4394 de
2314 4327 2580 4394 illorum
2621 4349 2826 4394 causa

411 4427 927 4512 respondeamus
940 4476 962 4509 ,
1006 4427 1121 4510 qui
1166 4430 1578 4496 matrimonia
1619 4429 1826 4499 mixta
1855 4429 2026 4499 inire
2057 4428 2208 4496 -ausi
2247 4426 2494 4494 fuerint
2511 4477 2534 4510 ,
2593 4428 2823 4494 catho-
