2959 4984
656 306 769 355 LV.
844 306 1090 357 BULLA
1129 308 1199 359 D.
1237 305 1324 359 16.
1360 307 1681 361 AUGUSTI
1720 304 1877 361 1821.
2382 312 2491 367 325
2555 374 2561 397 1

84 474 250 555 sint,
312 472 633 537 curabunt
675 470 1024 560 Episcopi,
1093 480 1166 537 ut
1203 473 1584 539 muneribus
1626 473 1998 540 huiusmodi
2042 479 2121 542 ab
2166 476 2307 544 aliis
2342 478 2481 545 ido-

80 574 218 638 neis
263 572 686 658 Presbyteris
745 572 896 637 satis
939 573 1084 655 fiat,
1149 582 1350 659 utque
1399 573 1617 639 media
1660 574 1743 637 ad
1783 597 2139 661 congruam
2188 578 2484 645 laborum

79 672 456 738 mercedem
515 670 928 759 Presbyteris
992 674 1150 761 ipsis
1211 674 1749 762 comparandam,
1816 684 2180 763 opportune
2222 681 2483 764 conqui-

77 783 322 838 rantur.
380 802 391 815 ·

244 872 390 959 (V.)
481 872 780 957 Cumque
846 873 929 937 ad
992 872 1464 962 praescriptum
1530 873 1716 939 Sacri
1776 872 2052 939 Concilii
2120 875 2485 942 Tridentini

79 996 194 1061 pro
246 972 436 1055 Cleri
479 969 880 1055 educatione,
927 996 1002 1037 ac
1053 974 1454 1039 institutione
1494 973 1927 1040 Seminarium
1970 996 2319 1063 puerorum
2362 975 2484 1042 Ec-

80 1072 590 1139 clesiasticorum
630 1075 709 1137 ab
753 1072 1090 1161 Episcopo
1127 1074 1334 1139 libere
1377 1073 1747 1160 regendum
1798 1082 1865 1138 et
1907 1074 2485 1141 administrandum

81 1173 369 1239 existere
431 1172 666 1238 debeat
728 1174 796 1236 in
857 1174 1118 1259 singula
1179 1196 1265 1238 ex
1319 1174 1671 1261 praedictis
1740 1183 1869 1237 tam
1920 1174 2482 1263 Archiepiscopali

81 1294 270 1357 quam
301 1272 802 1361 Episcopalibus
833 1272 1165 1356 Ecclesiis,
1211 1274 1320 1339 ubi
1361 1274 1419 1339 is
1460 1274 1869 1339 alumnorum
1910 1275 2115 1339 alatur
2155 1296 2485 1358 numeruS,

82 1395 276 1458 quem
322 1372 726 1460 respectivae
767 1373 1106 1438 Dioecesis
1146 1374 1499 1439 necessitas
1546 1380 1611 1438 et
1649 1374 1889 1438 utilitas
1930 1374 2251 1462 postulat3
2311 1396 2483 1440 cum-

81 1496 202 1559 que
245 1473 322 1539 in
365 1482 637 1557 quatuor
681 1494 768 1537 ex
806 1473 936 1537 illis
978 1473 1104 1537 iam
1147 1474 1378 1539 adesse
1421 1473 1717 1555 sciamus,
1764 1474 1833 1539 in
1871 1474 2123 1559 reliqua
2170 1474 2483 1557 Ecclesia,

79 1574 562 1661 quamprimum
605 1572 864 1660 poterit,
909 1595 1197 1659 congrue
1241 1574 1631 1658 erigendum
1672 1575 2073 1639 mandamus.

243 1670 432 1757 (VI.)
518 1671 835 1737 Volentes
877 1695 1048 1737 nunc
1093 1672 1173 1737 ad
1209 1674 1493 1758 quinque
1528 1674 2041 1761 supradictarum
2066 1672 2487 1740 Dioecesium

77 1770 747 1860 circumscriptionem
791 1772 1190 1861 procedere,
1247 1782 1348 1855 ut,
1411 1772 1730 1837 distinctis
1782 1773 2183 1860 singularum
2231 1773 2489 1857 finibuS,

79 1874 260 1938 nulla
308 1872 599 1956 quaestio
621 1918 640 1954 ,
709 1873 878 1937 inter
924 1872 1328 1960 respectivos
1376 1873 1738 1962 Episcopos
1787 1874 1956 1939 circa
2000 1874 2491 1940 Ecclesiasticae

75 1971 546 2039 iurisdictionis
583 1972 968 2037 exercitium
1001 1995 1328 2059 exurgere
1355 1974 1579 2061 possit,
1628 1974 1889 2061 praevia
1917 1974 2487 2041 dismembratione

73 2075 244 2139 infra
290 2073 834 2139 nominandorum
876 2074 1168 2138 locorum
1215 2098 1252 2137 a
1294 2073 1723 2139 Dioecesibus
1770 2083 1835 2137 et
1878 2073 2210 2158 Ecclesiis,
2259 2100 2297 2139 a
2348 2075 2485 2160 qui-

75 2177 190 2240 bus
239 2181 394 2239 actu
438 2172 832 2261 dependent,
879 2172 962 2239 de
1007 2172 1197 2237 simili
1223 2172 1643 2261 Apostolicae
1686 2175 2021 2261 potestatis
2049 2174 2479 2262 plenitudine,

75 2274 425 2360 sequentia
472 2273 900 2355 decernimus,
944 2272 1462 2360 praescribimus,
1516 2282 1581 2337 et
1624 2273 2087 2338 constituimus,
2147 2273 2477 2361 Metropo-

75 2376 282 2440 litana
325 2371 785 2458 Friburgensis
833 2372 1128 2437 Ecclesia
1185 2396 1305 2461 pro
1352 2374 1763 2439 Dioecesano
1834 2396 1949 2437 suo
1990 2372 2325 2438 territorio
2373 2374 2486 2437 ha-

83 2475 268 2543 bebit
339 2482 633 2538 cunctam
704 2472 1016 2539 ditionem
1067 2472 1295 2559 Magni
1335 2474 1626 2538 Ducatus
1673 2472 2031 2555 Badensis,
2091 2492 2328 2560 nempe
2369 2472 2489 2537 Pa-

79 2576 340 2641 roecias
403 2573 570 2637 intra
628 2573 866 2637 limites
912 2572 1182 2637 huiusce
1229 2573 1529 2639 Ducatus·
1568 2572 1853 2661 positas,
1920 2594 2085 2657 quae
2126 2571 2363 2660 partim
2408 2570 2489 2635 ad

85 2674 696 2754 Constantiens-em,
763 2672 1000 2759 partim
1057 2672 1254 2737 etiam
1297 2673 1380 2738 ad
1421 2672 1979 2758 Argentinensem
1998 2721 2017 2754 ,
2086 2668 2490 2759 Spirensem,

78 2774 680 2856 Wormatiensem,
723 2773 1308 2861 Herbipolensem,
1362 2772 1809 2837 Basileensem
1850 2781 1915 2836 et
1958 2770 2494 2837 Ratisbonensem

80 2878 452 2942 Dioeceses
496 2873 604 2939 vel
645 2874 991 2962 pertinent,
1034 2872 1300 2937 veliam
1331 2873 1774 2961 pertinebant3
1817 2870 1971 2935 alias
2004 2872 2491 2955 quatuordecim

78 2977 434 3042 Paroecias
499 2997 674 3075 cum·
709 2998 822 3039 sua
878 2972 1058 3037 filiali
1124 2972 1368 3060 positas
1435 2972 1504 3035 in
1560 2972 1933 3059 Principatu
1972 2972 2487 3037 Hohenzollern-

77 3076 487 3161 Hechingen
551 3074 634 3138 ad
661 3054 1047 3161 praefatam
1108 3071 1485 3137 Dioecesim
1541 3070 2101 3137 Constantiensem'
2160 3074 2490 3161 pertinen-

79 3188 198 3260 teS,
223 3197 359 3241 nec
385 3197 520 3239 non
543 3175 774 3259 viginti
807 3183 1080 3258 quatuor
1111 3172 1505 3238 Paroecias
1486 3196 1553 3237 ln
1576 3172 1950 3259 Principatu
1974 3172 2493 3239 Hohenzollern-

83 3274 572 3363 Sigmaringen
614 3274 967 3339 existentes
1015 3274 1229 3338 eidem
1259 3271 1733 3338 Constantiensi
1760 3272 2067 3339 Dioecesi
2108 3284 2493 3361 spectanteS,

77 3385 284 3459 atque
324 3374 597 3463 insuper
645 3374 1006 3439 octodecim
1049 3374 1390 3438 Paroecias
1435 3372 1805 3438 Decanatus
1850 3371 2216 3459 Voringen,
2260 3396 2335 3438 ac
2372 3374 2493 3438 Pa-

75 3476 338 3541 roecias
399 3474 865 3562 septemdecim
911 3475 1286 3541 Decanatus
1333 3471 1737 3559 Haigerloch
1783 3472 1851 3536 in
1896 3470 2066 3538 dicto
2112 3474 2263 3538 sitas
2305 3473 2490 3538 Prin-

74 3582 300 3668 cipatu
349 3586 418 3641 et
461 3576 544 3640 ad
585 3574 982 3663 praedictam
1020 3574 1402 3639 Dioecesim
1445 3572 1868 3660 pertinentes

253 3676 474 3763 (VII.)
561 3674 964 3763 Episcopalis
1023 3674 1314 3739 Ecclesia
1356 3672 1742 3759 Moguntina
1800 3695 1919 3761 pro
1978 3695 2092 3736 suo
2137 3670 2493 3737 Territorio

73 3780 500 3845 Dioecesano
571 3774 837 3839 habebit
899 3772 1266 3839 universam
1327 3772 1640 3861 ditionem
1698 3771 1924 3857 Magni
1983 3771 2271 3836 Ducatus
2326 3770 2491 3836 Has-

73 3878 279 3959 siaci3
353 3895 594 3962 nempe
657 3872 994 3937 Paroecias
1063 3894 1284 3937 omnes
1352 3871 1657 3937 Dioecesi
1718 3870 2140 3955 Moguntinae
2208 3869 2489 3953 reliquas

71 3987 230 4065 post
301 3974 778 4063 separationem
835 3971 1130 4037 locorum
1187 3975 1303 4037 sub
1375 3971 1619 4036 ditione
1678 3970 1987 4035 Bavarica
2049 3968 2483 4051 existentium,

74 4077 348 4161 aliaque
391 4074 534 4137 loca
578 4080 643 4137 et
683 4070 1025 4136 Paroecias
1069 4093 1155 4137 ex
1181 4070 1657 4153 Ratisbonensi,
1700 4094 1774 4134 ac
1795 4068 2261 4133 Wormatiensi
2287 4068 2489 4134 Dioe-

75 4178 384 4256 cesibuS,
455 4193 580 4235 nec
637 4185 768 4236 non
825 4170 1082 4234 unicam
1139 4170 1516 4235 Paroeciam
1572 4169 1701 4235 loci
1756 4168 2109 4233 Herbstein
2160 4189 2245 4232 ex
2288 4168 2488 4233 Dioe-

73 4277 216 4345 cesi
263 4270 584 4340 Fuldensi
627 4271 712 4335 'ad
756 4270 1072 4357 Magnum
1113 4270 1437 4335 Ducatum
1479 4269 1883 4358 praedictum
1924 4266 1993 4331 in
2032 4267 2495 4354 temporalibus

69 4375 516 4468 pertinentes,
560 4394 634 4436 ac
681 4370 964 4456 denique
1006 4369 1346 4435 Paroecias
1393 4370 1464 4435 in
1504 4369 1663 4435 locis
1702 4367 2101 4449 Darmstadt,
2150 4366 2383 4434 Giessa
2424 4378 2491 4433 et

73 4473 462 4547 Offenbach
507 4470 800 4535 eiusdem
827 4470 1052 4556 Magni
1076 4469 1369 4535 Ducatus
1396 4467 1708 4550 Hassiaci,
1750 4466 1839 4531 ita
1864 4474 2082 4533 tamen
2108 4476 2181 4531 ut
2208 4491 2247 4532 a
2275 4467 2485 4556 primo
