2959 4984
383 299 497 356 484
953 301 1200 354 Lxan.
1273 299 1621 354 nnuman
1664 300 2235 354 canentum.

391 465 629 554 chales,
666 462 1079 553 primatiales,
1118 461 1726 552 archiepiscopales,
1774 461 2198 552 episcopales,
2247 483 2373 528 nec
2411 486 2544 530 non
2588 461 2795 527 omnia

386 561 779 632 monasteria
820 562 1108 630 virorum
1137 615 1157 648 ,
1218 563 1512 628 valorem
1579 585 1861 628 annuum
1934 562 2362 628 ducentorum
2404 564 2795 630 florenorum

391 666 530 733 auri
573 661 898 732 communi
966 663 1409 730 aestimatione
1467 663 1892 750 excedentia,
1954 685 2128 730 nunc
2191 663 2791 750 quomodocumque

386 763 702 850 vacantia,
751 772 819 830 et
857 763 929 830 in
967 772 1307 854 posterum
1345 773 1683 830 vacatura:
1725 773 1791 830 et
1827 763 2072 848 voluit,
2118 767 2294 849 quod
2340 784 2645 829 excessus
2684 761 2794 826 hu-

383 863 677 953 jusmodi
745 864 815 930 in
871 861 1080 930 literis
1125 862 1545 954 exprimatur.
1631 865 1737 930 Ac
1798 865 1993 930 etiam
2036 864 2395 930 reservavit
2432 861 2793 951 dignitates,

391 975 460 1035 et
503 963 823 1034 beneficia
871 963 1088 1030 omnia
1129 964 1213 1030 ad
1255 961 1687 1050 collationem,
1731 963 2317 1053 praesentationem
2336 1013 2359 1049 ,
2400 963 2796 1046 electionem,

395 1077 462 1135 et
503 1087 976 1154 quamcumque
1033 1063 1227 1130 aliam
1285 1064 1779 1154 dispositionem
1836 1065 2379 1154 patriarcharum,
2434 1065 2795 1153 primatum,

390 1164 1044 1256 archiepiscoporum,
1093 1175 1160 1233 et
1201 1163 1678 1256 episcoporum,
1724 1186 1982 1233 necnon
2024 1167 2327 1232 abbatum
2348 1217 2371 1252 ,
2412 1188 2490 1231 ac
2528 1164 2796 1232 aliorum

392 1287 946 1352 quorumcumque
992 1265 1393 1350 collatorum,
1437 1275 1505 1332 et
1547 1265 1946 1333 collatricum
1992 1265 2457 1350 saecularium,
2506 1274 2575 1332 et
2609 1285 2795 1352 regu-

394 1366 630 1435 larium
677 1365 1166 1452 quomodolibet
1225 1365 1388 1451 (non
1426 1375 1645 1432 tamen
1688 1365 1773 1430 ad
1820 1365 2231 1432 collationem
2275 1387 2421 1432 cum
2468 1365 2597 1432 alio
2635 1415 2658 1450 ,
2696 1365 2797 1430 vel

391 1467 560 1553 aliis,
605 1475 716 1534 aut
755 1466 950 1532 etiam
991 1465 1076 1532 ad
1115 1463 1382 1534 alterius
1425 1466 2033 1554 praesentationem,
2075 1466 2189 1532 vel
2223 1465 2613 1534 electionem
2654 1487 2790 1558 per-

400 1566 698 1654 tinentia)
743 1589 908 1654 quae
951 1574 1103 1656 post
1150 1565 1411 1632 illorum
1451 1565 1731 1651 obitum,
1776 1576 1889 1632 aut
1932 1565 2378 1654 ecclesiarum,
2434 1587 2556 1632 seu
2594 1589 2797 1632 mona-

392 1667 770 1753 steriorum,
811 1667 920 1734 vel
949 1666 1221 1734 aliarum
1261 1665 1646 1755 dignitatum
1682 1689 1943 1735 suarum
1974 1666 2438 1751 dimissionem,
2474 1689 2592 1732 seu
2622 1666 2793 1732 amis-

395 1769 671 1852 sionem,
714 1769 825 1834 vel
861 1767 1314 1858 privationem,
1353 1788 1474 1832 seu
1520 1767 2003 1834 translationem
2028 1819 2049 1854 ,
2086 1766 2196 1832 vel
2240 1767 2399 1832 alias
2444 1767 2791 1852 quomodo·

398 1890 679 1956 cumque
727 1867 1134 1954 vacaverint,
1198 1889 1405 1958 usque
1445 1866 1530 1933 ad
1572 1865 2016 1956 provisionem
2058 1888 2504 1934 successorum
2548 1867 2631 1932 ad
2676 1889 2795 1932 eas-

401 1967 552 2036 dem
601 1969 906 2039 ecclesias
923 2020 942 2054 ,
986 1978 1100 2036 aut
1135 1967 1550 2057 monasteria,
1594 1967 1705 2034 vel
1742 1967 2091 2054 dignitates
2141 1967 2497 2056 apostolica
2541 1966 2795 2033 auctori-

400 2077 528 2134 tate
574 2065 936 2135 faciendam
961 2115 981 2152 ,
1050 2078 1116 2134 et
1159 2067 1462 2156 adeptam
1525 2069 1607 2134 ab
1659 2066 1909 2134 eisdem
1951 2067 2431 2134 successoribus
2472 2067 2796 2158 pacificam

394 2170 660 2237 illorum
697 2167 1215 2260 possessionem,
1281 2168 1889 2256 quomodocumque
1927 2167 2331 2253 vacaverint,
2378 2177 2445 2234 et
2490 2170 2800 2235 vacabunt

391 2271 462 2336 in
505 2270 813 2336 fiiturum.
897 2269 1283 2340 Decernens
1324 2268 1581 2334 irritum
1624 2278 1748 2336 etc.

573 2369 633 2452 ξ.
677 2369 737 2437 3.
823 2369 992 2436 Item
1014 2421 1035 2455 ,
1095 2367 1151 2436 si
1209 2367 1318 2456 qui
1363 2368 1446 2434 de
1491 2367 1829 2435 beneficiis
1872 2367 2357 2454 ecclesiasticis,
2414 2369 2795 2460 praesertim

401 2493 625 2536 curam
671 2468 1035 2537 animarum
1073 2469 1497 2556 habentibus,
1562 2493 1679 2538 seu
1719 2471 1879 2536 alias
1922 2471 2339 2562 personalem
2383 2465 2798 2535 residentiam

398 2570 881 2658 requirentibus
909 2623 928 2656 ‚
976 2570 1132 2638 dum
1171 2594 1292 2662 pro
1335 2581 1635 2661 tempore
1679 2581 1947 2656 vacant,
2014 2569 2373 2660 apostolica
2416 2567 2796 2634 auctoritate

395 2671 664 2762 provisi,
707 2694 822 2737 seu
845 2670 1258 2762 providendi,
1298 2682 1449 2737 ante
1492 2669 1758 2736 illorum
1798 2671 2279 2737 assecutionem
2319 2669 2445 2736 alia
2488 2693 2639 2734 cum
2686 2669 2796 2732 eis-

399 2768 552 2838 dem
595 2771 1112 2862 incompatibilia
1154 2770 1478 2838 beneficia
1519 2769 1961 2836 ecclesiastica
2017 2793 2139 2860 per
2178 2792 2289 2836 eos
2333 2780 2493 2836 tunc
2542 2769 2797 2835 obtenta

399 2872 467 2937 in
513 2874 812 2939 fraudem
856 2871 1320 2938 reservationis
1364 2892 1520 2936 suae
1561 2870 2010 2960 resignarent,
2061 2892 2179 2938 seu
2224 2867 2650 2952 dimitterent,
2692 2890 2793 2932 vo-

395 2971 539 3057 luit,
585 2972 896 3056 decrevit,
940 2982 1006 3038 et
1057 2971 1433 3054 declaravit,
1481 2970 1655 3056 quod
1702 2971 1756 3035 si
1798 2971 1866 3036 in
1906 2981 2243 3060 posterum
2287 2969 2622 3057 quibusvis
2662 2990 2795 3058 per-

400 3073 577 3138 sonis
622 3072 704 3137 de
748 3072 1070 3158 aliquibus
1114 3069 1454 3138 beneficiis
1500 3069 1959 3136 ecclesiasticis
2023 3079 2181 3136 tunc
2216 3069 2630 3154 vacantibus,
2692 3091 2799 3134 seu

400 3174 722 3238 vacaturis
760 3193 882 3263 per
926 3173 1356 3242 Sanctitatem
1401 3170 1601 3240 Suam
1622 3221 1643 3256 ,
1699 3182 1808 3238 aut
1851 3171 1990 3260 ejus
2024 3171 2404 3238 auctoritate
2448 3169 2795 3261 provideri,

403 3275 710 3362 ipsosque
747 3273 1190 3363 providendos
1231 3272 1401 3338 intra
1441 3271 1795 3339 vacationis
1819 3323 1840 3358 ,
1887 3283 1952 3338 et
1994 3268 2415 3363 provisionis,
2479 3294 2598 3336 seu
2640 3291 2795 3336 asse·

400 3371 675 3438 cutionis
724 3372 1104 3439 eorumdem
1145 3372 1617 3438 beneficiorum
1658 3383 1976 3462 tempora,
2010 3393 2454 3460 quaecumque
2499 3371 2628 3438 alia
2660 3395 2797 3438 cum

406 3470 538 3538 illis
572 3471 1081 3564 incompatibilia
1117 3473 1438 3539 beneficia
1481 3469 1921 3540 ecclesiastica
1952 3472 2327 3556 saecularia,
2363 3472 2473 3536 vcl
2505 3494 2795 3558 quorum-

399 3573 501 3638 vis
555 3573 890 3659 ordinum,
934 3597 1010 3639 ac
1049 3574 1244 3639 etiam
1288 3573 1708 3664 hospitalium
1731 3623 1752 3660 ,
1812 3573 2147 3662 regularia
2191 3595 2312 3662 per
2352 3591 2465 3638 eos
2502 3582 2658 3637 tunc
2698 3573 2796 3638 ob-

402 3681 626 3758 tenta,
693 3675 874 3742 nulla
918 3675 1228 3764 speciali,
1293 3684 1356 3740 et
1426 3697 1740 3764 expressa
1794 3675 1878 3741 de
1920 3673 2169 3740 eisdem
2219 3673 2288 3739 in
2326 3671 2795 3762 provisionibus

401 3773 758 3862 praedictis
799 3775 970 3842 facta
1015 3774 1382 3860 mentione,
1424 3775 1807 3864 simpliciter
1825 3827 1845 3860 ,
1906 3773 2015 3840 vel
2060 3797 2251 3871 causa
2292 3771 2797 3865 permutationis,

402 3899 478 3940 ac
517 3876 678 3942 alias
721 3875 1232 3962 quomodolibet,
1280 3874 1416 3942 sive
1457 3875 1528 3942 in
1574 3875 1949 3946 Sanctitatis
1994 3875 2189 3960 Suae,
2231 3874 2341 3940 vel
2382 3871 2655 3938 alterius
2702 3895 2793 3938 ro-

405 3965 580 4042 mani
620 3975 958 4043 Pontificis
1003 3999 1123 4067 pro
1165 3986 1464 4066 tempore
1505 3977 1867 4062 existentiS,
1912 3984 2023 4042 aut
2063 3975 2451 4063 legatorum,
2496 3973 2609 4038 vel
2646 3995 2794 4038 nun-

401 4076 652 4142 ciorum
697 4076 908 4144 dictae
953 4075 1189 4164 Sedis,
1251 4077 1389 4142 sive
1435 4075 1977 4162 ordinariorum,
2039 4073 2149 4142 vel
2209 4075 2515 4140 aliorum'
2546 4071 2796 4138 collato-

401 4201 547 4244 rum
592 4201 1147 4265 quorumcumque
1190 4180 1485 4244 manibus
1532 4179 1895 4266 resignare,
1938 4201 2054 4245 seu
2098 4175 2460 4258 dimittere,
2506 4183 2617 4238 aut
2650 4173 2798 4258 juri·

407 4279 528 4344 bus
571 4279 694 4346 sibi
735 4278 804 4345 in
847 4279 978 4344 illis
1005 4329 1026 4363 ,
1092 4280 1202 4345 vel
1265 4279 1349 4344 ad
1403 4278 1518 4345 illa
1561 4279 2079 4368 competentibus
2132 4275 2367 4343 cedere
2410 4269 2797 4360 contigerit3

407 4399 656 4461 omnes,
701 4390 767 4445 et
791 4379 1092 4465 singulae
1123 4379 1596 4461 concessiones,
1627 4379 2024 4464 collationes,
2040 4377 2477 4468 provisiones,
2522 4385 2589 4441 et
2618 4395 2797 4461 quae-

404 4476 506 4540 vis
551 4476 714 4543 aliae
761 4477 1218 4567 dispositiones
1259 4480 1345 4547 de
1385 4479 1747 4566 beneficiis,
1792 4501 1909 4547 seu
1943 4479 2203 4568 juribus
2242 4477 2337 4545 sic
2374 4476 2795 4565 resignandis,
