2959 4984
873 300 1147 354 KAROLI
1186 304 1420 356 MAGNI
1459 307 1524 357 A.
1557 302 1681 360 789.
2404 311 2473 365 61

338 461 510 518 Cone.
553 465 740 522 Carth.
779 483 898 520 can.
943 469 1026 522 10.
1071 469 1158 522 11.
1213 468 1442 538 Alypius
1475 468 1817 540 Episcopus,
1872 471 2117 544 Legatus
2152 475 2473 546 provinciae

256 548 564 606 Numidiae
601 552 748 608 dixit
776 573 788 607 ε
857 554 974 609 Nec
1023 556 1164 608 illud
1213 558 1779 625 praetermittendum
1816 565 1931 630 est,
1988 568 2051 616 ut
2086 565 2133 618 si
2168 565 2289 634 quis
2322 565 2469 622 forte

253 637 568 708 Presbyter
603 641 672 694 ab
709 641 992 710 Episcopo
1029 660 1128 696 suo
1167 649 1488 712 correptus,
1538 649 1754 699 tumore
1798 648 1888 702 vel
1926 652 2189 718 superbia
2223 652 2468 720 inflatus,

255 729 552 796 putaverit
607 732 906 800 separatim
964 731 1234 786 sacrificia
1271 733 1390 786 Deo
1447 733 1764 804 offerenda,
1820 739 1909 791 vel
1944 740 2095 793 aliud
2144 742 2474 811 erigendum

257 815 449 869 altare
486 822 684 870 contra
738 818 1172 872 ecclesiasticam
1223 819 1390 874 fidem
1441 822 1531 876 vel
1567 823 1917 892 disciplinam
1965 827 2303 896 crediderit,
2360 847 2475 884 non

255 909 436 958 exeat
469 906 792 974 impunitus.
862 906 1188 960 Valentinus
1223 908 1435 976 primae
1475 909 1622 962 sedis
1661 911 1982 978 provinciae
2019 913 2345 984 Numidiae,
2389 917 2475 970 di-

254 991 377 1044 xit:
420 991 749 1046 Necessario
787 993 1113 1063 disciplinae
1151 989 1557 1050 ecclesiasticae
1610 1002 1666 1050 et
1720 997 1852 1052 fidei
1890 1016 2135 1070 cong-rua
2172 1009 2299 1056 sunt
2335 1021 2474 1072 quae

253 1079 446 1132 frater
479 1081 671 1132 noster
706 1078 938 1149 Alypius
973 1087 1302 1150 prosecutus
1343 1087 1446 1136 est.
1498 1083 1739 1138 Proinde
1778 1082 1913 1153 quid
1953 1087 2211 1142 videatur
2251 1097 2469 1145 vestrae
2513 1127 2522 1138 ι

253 1165 578 1234 dilectioni,
615 1169 834 1223 edicite.
884 1169 972 1224 Ab
1009 1170 1282 1226 universis
1319 1171 1617 1242 Episcopis
1654 1173 1867 1227 dictum
1904 1179 2021 1228 est:
2062 1175 2118 1230 Si
2157 1178 2278 1245 quis
2313 1177 2473 1230 Pres-

251 1254 437 1320 byter
473 1272 506 1307 a
541 1257 861 1325 praeposito
899 1275 998 1310 suo
1036 1263 1326 1327 correptus
1366 1259 1538 1313 fuerit
1562 1301 1576 1328 ,
1632 1260 1801 1314 debet
1846 1261 2040 1330 utique
2075 1265 2224 1332 apud
2258 1264 2471 1319 vicinos

253 1339 583 1410 Episcopos
626 1344 908 1411 conqueri,
951 1348 1018 1397 ut
1051 1345 1120 1398 ab
1159 1345 1294 1413 ipsis
1336 1346 1452 1399 eius
1492 1363 1658 1400 causa
1693 1347 1871 1416 possit
1908 1349 2107 1417 audiri,
2144 1367 2210 1404 ac
2251 1367 2352 1420 per
2388 1351 2470 1420 ip-

253 1445 352 1482 sos
399 1445 500 1482 suo
535 1427 819 1499 Episcopo
853 1431 1220 1486 reconciliari.
1286 1431 1447 1498 Quod
1475 1432 1586 1486 nisi
1618 1433 1833 1502 fecerit,
1872 1436 1970 1489 sed
2008 1437 2283 1505 superbia,
2328 1437 2475 1506 quod

256 1505 438 1583 absit,
477 1517 721 1582 inflatus,
761 1519 1160 1572 secernendum
1199 1537 1257 1572 se
1294 1520 1364 1573 ab
1386 1520 1656 1590 Episcopi
1696 1523 1781 1575 sui
1820 1525 2203 1578 communione
2239 1526 2479 1594 duxerit,

255 1623 327 1658 ac
365 1605 672 1672 separatim
710 1622 836 1659 cum
865 1607 1138 1675 aliquibus
1161 1607 1400 1661 schisma
1422 1608 1649 1675 faciens,
1689 1609 2019 1664 sacrificium
2038 1613 2157 1666 Deo
2183 1614 2471 1682 obtulerit,

255 1692 570 1746 anathema
602 1691 890 1760 habeatur,
928 1698 986 1748 et
1019 1695 1202 1748 locum
1239 1696 1491 1765 amittat3
1530 1715 1593 1750 ac
1630 1698 1679 1750 si
1715 1699 2115 1766 querimoniam
2150 1701 2351 1756 iustam
2382 1702 2475 1756 ad-

257 1797 464 1842 versus
499 1779 839 1849 Episcopum
873 1799 986 1835 non
1022 1783 1297 1852 habuerit,
1339 1785 1733 1852 inquirendum
1769 1786 1893 1840 erit.

291 1881 298 1888 ⁴
333 1875 473 1929 Can.
515 1880 697 1946 apost.
734 1879 820 1931 32.
896 1877 954 1932 Si
991 1879 1112 1946 quis
1152 1879 1478 1948 Presbyter,
1518 1885 1877 1936 contemnens
1916 1883 2255 1953 Episcopum
2296 1903 2474 1953 suum,

257 1975 524 2017 seorsum
559 1965 882 2034 collegerit,
921 1969 980 2019 et
1023 1967 1197 2020 altare
1235 1967 1388 2020 aliud
1427 1969 1686 2032 erexerit,
1722 1970 1859 2024 nihil
1895 1971 2103 2025 habens
2142 1991 2249 2041 quo
2286 1991 2475 2043 repre-

255 2050 480 2104 hendat
512 2049 856 2122 Episcopum
888 2055 948 2107 in
985 2071 1152 2108 causa
1189 2055 1418 2124 pietatis
1467 2061 1526 2109 et
1562 2057 1835 2124 iustitiae,
1905 2059 2249 2128 deponatur,
2312 2063 2471 2130 quasi

257 2138 618 2207 principatus
667 2143 882 2193 amator
918 2140 1190 2210 existens;
1233 2147 1319 2194 est
1355 2143 1504 2196 enim
1542 2147 1822 2210 tyrannuS.
1896 2145 1973 2199 Et
2012 2147 2221 2200 caeteri
2259 2147 2476 2215 Clerici,

257 2226 584 2294 quicunque
613 2228 716 2280 tali
741 2229 1113 2296 consentiunt,
1152 2229 1521 2298 deponantur.
1562 2230 1717 2284 Laici
1746 2249 1878 2285 vero
1902 2239 2283 2302 segregentur.
2324 2235 2475 2289 Haec

257 2321 457 2370 autem
504 2323 634 2385 post
681 2334 850 2370 unam
904 2322 962 2371 et
1013 2319 1312 2372 secundam
1349 2323 1406 2372 et
1447 2320 1673 2372 tertiam
1708 2319 1976 2390 Episcopi
2032 2321 2474 2375 obsecrationem

259 2402 394 2456 fieri
429 2403 742 2458 conveniat.

1069 2525 1480 2582 OMNIBUS.

219 2641 625 2709 XXXVIII.
711 2642 882 2712 Item
923 2647 994 2710 in
1041 2645 1294 2728 eodem,
1337 2656 1412 2710 ut
1456 2647 1673 2712 clerici
1723 2655 1789 2710 et
1838 2646 2254 2712 ecclesiastici
2298 2648 2469 2713 ordi-

71 2761 206 2822 nes,
277 2744 336 2806 si
397 2745 657 2832 culpam
715 2746 1135 2828 incurrerint,
1199 2756 1272 2810 ut
1328 2747 1501 2834 apud
1572 2747 2041 2812 ecclesiasticos
2083 2747 2467 2830 iudicentur,

71 2861 188 2904 non
235 2843 416 2930 apud
464 2845 849 2910 saeculares,
2228 2863 2251 2876 ‘

326 2960 496 3014 Cone.
523 2962 710 3017 Carth.
750 2981 868 3018 can.
890 2965 973 3019 15.
1019 2964 1160 3018 Item
1194 2964 1423 3033 placuit,
1458 2968 1523 3018 ut
1558 2965 1807 3033 quisquis
1843 2965 2266 3034 Episcoporum,
2302 2966 2463 3020 Pres-

253 3052 610 3120 byterorum,
644 3050 1052 3120 Diaconorum,
1094 3069 1188 3106 seu
1227 3052 1600 3120 clericorum,
1654 3070 1779 3106 cum
1814 3053 1875 3105 in
1910 3052 2165 3106 Ecclesia
2202 3053 2256 3107 ei
2291 3053 2479 3106 fucrit·

251 3137 468 3191 crimen
502 3137 843 3206 institutum,
876 3139 964 3192 vel
1001 3139 1180 3193 civilis
1225 3155 1392 3192 causa
1427 3139 1595 3193 fuerit
1633 3144 1925 3206 commota,
1965 3139 2011 3191 si
2047 3140 2245 3194 relicto
2282 3141 2455 3194 eccle-

193 3255 200 3260 ·
254 3225 486 3279 siastico
523 3225 734 3280 iudicio
790 3226 1030 3295 publicis
1066 3227 1285 3281 iudiciis
1317 3227 1551 3296 purgari
1605 3226 1845 3280 voluerit
1868 3266 1881 3292 ‚
1934 3226 2151 3279 etiamsi
2193 3227 2304 3295 {pro
2340 3228 2461 3297 ipso

253 3313 429 3366 fuerit
464 3313 688 3382 prolata
723 3314 1000 3368 sententia
1023 3353 1036 3380 ,
1094 3315 1278 3369 locum
1331 3331 1491 3368 suum
1529 3314 1765 3368 amittat.
1842 3313 1919 3366 Et
1953 3313 2058 3368 hoc
2094 3313 2155 3366 in
2192 3315 2467 3368 criminali

255 3399 500 3454 actione.
571 3398 638 3452 In
677 3399 826 3454 civili
869 3417 1001 3454 vero
1035 3399 1236 3470 perdat
1266 3401 1416 3468 quod
1453 3401 1648 3467 evicit,
1709 3401 1756 3454 si
1796 3401 1981 3454 locum
2018 3418 2175 3454 suum
2210 3388 2467 3455 obtiner'e

254 3487 534 3540 maluerit.
611 3486 732 3540 Hoc
771 3487 939 3541 etiam
979 3489 1191 3557 placuit
1237 3493 1302 3542 ut
1337 3506 1370 3542 a
1407 3489 1825 3557 quibuscunque
1888 3487 2169 3542 iudicibus
2208 3489 2467 3543 ecclesia-

254 3573 416 3627 sticis
451 3573 526 3626 ad
561 3573 700 3628 alios
737 3573 950 3630 iudices
986 3576 1412 3641 ecclesiasticOS,
1449 3575 1545 3629 ubi
1584 3579 1671 3628 est
1705 3574 1884 3629 maior
1918 3575 2253 3642 auctoritas,
2293 3575 2465 3628 fuerit

254 3665 626 3730 provocatum
645 3701 660 3728 ,
723 3680 836 3716 non
873 3663 952 3716 eis
990 3665 1141 3718 obsit
1182 3680 1416 3731 quorum
1453 3663 1623 3716 fuerit
1661 3663 1843 3716 soluta
1884 3663 2190 3729 sententia,
2250 3663 2297 3714 si
2334 3679 2461 3716 con-

255 3749 408 3802 vinci
447 3765 562 3802 non
595 3749 886 3819 potuerint
920 3751 1009 3804 vel
1046 3751 1274 3804 inimico
1309 3751 1496 3804 animo
1533 3750 1807 3804 iudicasse
1824 3790 1837 3816 ,
1894 3750 1983 3804 vel
2034 3750 2221 3818 aliqua
2254 3750 2463 3819 cupidi-

255 3843 376 3892 tate
416 3843 518 3892 aut
553 3839 740 3908 gratia
772 3838 1079 3907 depravati.
1157 3838 1298 3892 Sane
1354 3839 1401 3892 si
1453 3857 1525 3892 ex
1560 3855 1833 3892 consensu
1869 3838 2111 3907 partium
2148 3837 2314 3891 electi
2352 3838 2468 3890 fue-

252 3927 371 3980 rint
406 3925 653 3994 iudices,
707 3910 876 3981 etiam
914 3944 947 3979 a
1001 3927 1252 3996 pauciori
1305 3943 1537 3980 numero
1574 3943 1739 3994 quam
1782 3925 2150 3979 constitutum
2188 3929 2301 3990 est,
2346 3941 2461 3977 non

251 4014 424 4068 liceat
455 4029 781 4083 provocare.
854 4012 932 4068 Et
987 4018 1050 4066 ut
1087 4012 1187 4066 filii
1235 4013 1599 4067 Sacerdotum
1652 4011 1971 4082 spectacula
2030 4011 2299 4064 secularia
2350 4027 2465 4063 non

253 4103 560 4156 exhibeant
579 4142 592 4168 ,
645 4101 744 4155 sed
778 4119 882 4156 nec
918 4105 1232 4170 expectent,
1267 4100 1402 4154 licet
1435 4100 1543 4154 hoc
1580 4117 1799 4168 semper
1838 4097 2169 4152 Christianis
2208 4098 2466 4150 omnibus

251 4190 622 4244 interdictum
653 4188 743 4256 sit,
781 4194 845 4242 ut
883 4189 982 4242 ubi
1011 4188 1386 4257 blasphemiae
1423 4192 1567 4253 sunt,
1604 4204 1717 4241 non
1754 4186 2037 4240 accedant.

1068 4341 1501 4398 OMNIBUS.

227 4462 548 4532 XXXIX..
633 4462 804 4528 Item
845 4463 914 4526 in
961 4461 1226 4544 eodem,
1278 4471 1352 4526 ut
1397 4460 1505 4544 qui
1552 4442 2059 4526 commodabant
2101 4458 2461 4546 pecuniam,
