<?xml version="1.0" encoding="UTF-8"?>
<!DOCTYPE html PUBLIC "-//W3C//DTD XHTML 1.0 Transitional//EN"
    "http://www.w3.org/TR/xhtml1/DTD/xhtml1-transitional.dtd">
<html xmlns="http://www.w3.org/1999/xhtml" xml:lang="en" lang="en">
 <head>
  <title>
</title>
<meta http-equiv="Content-Type" content="text/html;charset=utf-8" />
  <meta name='ocr-system' content='tesseract 3.04.00' />
  <meta name='ocr-capabilities' content='ocr_page ocr_carea ocr_par ocr_line ocrx_word'/>
</head>
<body>
  <div class='ocr_page' id='page_1' title='image "./fontesiuriseccl00waltgoog_0058.png"; bbox 0 0 2959 4984; ppageno 0'>
   <div class='ocr_carea' id='block_1_1' title="bbox 383 291 2469 351">
    <p class='ocr_par' dir='ltr' id='par_1_1' title="bbox 383 291 2469 351">
     <span class='ocr_line' id='line_1_1' title="bbox 383 291 2469 351; baseline -0.002 -3"><span class='ocrx_word' id='word_1_1' title='bbox 383 294 456 348; x_wconf 85' lang='lat'><strong>38</strong></span> <span class='ocrx_word' id='word_1_2' title='bbox 656 298 746 349; x_wconf 77' lang='lat' dir='ltr'><strong>Vl.</strong></span> <span class='ocrx_word' id='word_1_3' title='bbox 823 298 1122 351; x_wconf 71' lang='lat' dir='ltr'><strong>REGULA</strong></span> <span class='ocrx_word' id='word_1_4' title='bbox 1161 294 1695 351; x_wconf 75' lang='lat' dir='ltr'>CHRODOGANGI</span> <span class='ocrx_word' id='word_1_5' title='bbox 1729 293 2059 347; x_wconf 76' lang='lat' dir='ltr'>EPISOOPI</span> <span class='ocrx_word' id='word_1_6' title='bbox 2096 291 2469 347; x_wconf 73' lang='lat' dir='ltr'>METENSIS.</span> 
     </span>
    </p>
   </div>
   <div class='ocr_carea' id='block_1_2' title="bbox 383 454 2788 3018">
    <p class='ocr_par' dir='ltr' id='par_1_2' title="bbox 383 454 2788 1839">
     <span class='ocr_line' id='line_1_2' title="bbox 385 454 2783 545; baseline -0.001 -22"><span class='ocrx_word' id='word_1_7' title='bbox 385 459 722 545; x_wconf 79' lang='lat' dir='ltr'><strong>gligantur-</strong></span> <span class='ocrx_word' id='word_1_8' title='bbox 749 456 1012 537; x_wconf 89' lang='lat' dir='ltr'><strong>infirmi,</strong></span> <span class='ocrx_word' id='word_1_9' title='bbox 1048 455 1169 521; x_wconf 85' lang='lat' dir='ltr'><strong>sed</strong></span> <span class='ocrx_word' id='word_1_10' title='bbox 1210 456 1377 523; x_wconf 88' lang='lat' dir='ltr'><strong>sicut</strong></span> <span class='ocrx_word' id='word_1_11' title='bbox 1396 478 1629 521; x_wconf 82' lang='lat' dir='ltr'><strong>revera</strong></span> <span class='ocrx_word' id='word_1_12' title='bbox 1650 455 1929 539; x_wconf 84' lang='lat' dir='ltr'><strong>Christo,</strong></span> <span class='ocrx_word' id='word_1_13' title='bbox 1968 456 2059 521; x_wconf 86' lang='lat' dir='ltr'><strong>ita</strong></span> <span class='ocrx_word' id='word_1_14' title='bbox 2098 455 2193 521; x_wconf 89' lang='lat' dir='ltr'><strong>eis</strong></span> <span class='ocrx_word' id='word_1_15' title='bbox 2232 456 2565 525; x_wconf 75' lang='lat' dir='ltr'><strong>serviatur.</strong></span> <span class='ocrx_word' id='word_1_16' title='bbox 2610 454 2783 539; x_wconf 82' lang='lat' dir='ltr'><strong>Quia</strong></span> 
     </span>
     <span class='ocr_line' id='line_1_3' title="bbox 383 554 2788 647; baseline -0.002 -23"><span class='ocrx_word' id='word_1_17' title='bbox 383 560 526 647; x_wconf 89' lang='lat' dir='ltr'><strong>ipse</strong></span> <span class='ocrx_word' id='word_1_18' title='bbox 556 558 757 623; x_wconf 73' lang='lat' dir='ltr'><strong>dixitz</strong></span> <span class='ocrx_word' id='word_1_19' title='bbox 809 554 1113 642; x_wconf 75' lang='lat' dir='ltr'><strong>Infirmus</strong></span> <span class='ocrx_word' id='word_1_20' title='bbox 1129 554 1268 642; x_wconf 75' lang='lat' dir='ltr'><strong>fui,</strong></span> <span class='ocrx_word' id='word_1_21' title='bbox 1307 570 1367 621; x_wconf 83' lang='lat' dir='ltr'><strong>et</strong></span> <span class='ocrx_word' id='word_1_22' title='bbox 1392 558 1705 620; x_wconf 53' lang='lat' dir='ltr'><strong>visitastis</strong></span> <span class='ocrx_word' id='word_1_23' title='bbox 1732 580 1870 635; x_wconf 63' lang='grc' dir='ltr'><strong>πως</strong></span> <span class='ocrx_word' id='word_1_24' title='bbox 1920 564 2003 639; x_wconf 91' lang='lat' dir='ltr'><strong>et,</strong></span> <span class='ocrx_word' id='word_1_25' title='bbox 2038 554 2362 633; x_wconf 77' lang='lat' dir='ltr'><strong><em>Quamdiu</em></strong></span> <span class='ocrx_word' id='word_1_26' title='bbox 2376 556 2645 643; x_wconf 51' lang='lat' dir='ltr'><strong>sectetis</strong></span> <span class='ocrx_word' id='word_1_27' title='bbox 2668 558 2788 621; x_wconf 74' lang='lat' dir='ltr'><strong>uni</strong></span> 
     </span>
     <span class='ocr_line' id='line_1_4' title="bbox 387 654 2781 742; baseline -0.001 -19"><span class='ocrx_word' id='word_1_28' title='bbox 387 682 472 723; x_wconf 76' lang='lat' dir='ltr'><strong>ex</strong></span> <span class='ocrx_word' id='word_1_29' title='bbox 513 658 796 721; x_wconf 75' lang='lat' dir='ltr'><strong>minimis</strong></span> <span class='ocrx_word' id='word_1_30' title='bbox 847 658 1012 736; x_wconf 57' lang='lat' dir='ltr'><strong>ascia,</strong></span> <span class='ocrx_word' id='word_1_31' title='bbox 1059 654 1225 719; x_wconf 74' lang='lat' dir='ltr'><strong>mihi</strong></span> <span class='ocrx_word' id='word_1_32' title='bbox 1250 654 1519 740; x_wconf 77' lang='lat' dir='ltr'><strong>fecistis</strong></span> <span class='ocrx_word' id='word_1_33' title='bbox 1566 654 1821 739; x_wconf 79' lang='lat' dir='ltr'><strong>(Matth.</strong></span> <span class='ocrx_word' id='word_1_34' title='bbox 1862 654 1994 740; x_wconf 79' lang='lat'><strong>25).</strong></span> <span class='ocrx_word' id='word_1_35' title='bbox 2076 655 2259 742; x_wconf 82' lang='lat' dir='ltr'><strong>Ergo</strong></span> <span class='ocrx_word' id='word_1_36' title='bbox 2304 656 2517 723; x_wconf 84' lang='lat' dir='ltr'><strong>omnia</strong></span> <span class='ocrx_word' id='word_1_37' title='bbox 2556 677 2781 721; x_wconf 85' lang='lat' dir='ltr'><strong>neces-</strong></span> 
     </span>
     <span class='ocr_line' id='line_1_5' title="bbox 386 754 2780 845; baseline -0 -23"><span class='ocrx_word' id='word_1_38' title='bbox 386 757 552 842; x_wconf 86' lang='lat' dir='ltr'><strong>saria</strong></span> <span class='ocrx_word' id='word_1_39' title='bbox 597 754 912 841; x_wconf 86' lang='lat' dir='ltr'><strong>quidquid</strong></span> <span class='ocrx_word' id='word_1_40' title='bbox 950 755 1110 843; x_wconf 86' lang='lat' dir='ltr'><strong>ipsis</strong></span> <span class='ocrx_word' id='word_1_41' title='bbox 1147 754 1422 820; x_wconf 88' lang='lat' dir='ltr'><strong>infirmis</strong></span> <span class='ocrx_word' id='word_1_42' title='bbox 1464 755 1835 843; x_wconf 85' lang='lat' dir='ltr'><strong>expedierit</strong></span> <span class='ocrx_word' id='word_1_43' title='bbox 1878 765 1943 820; x_wconf 90' lang='lat' dir='ltr'><strong>et</strong></span> <span class='ocrx_word' id='word_1_44' title='bbox 1986 778 2147 845; x_wconf 88' lang='lat' dir='ltr'><strong>opus</strong></span> <span class='ocrx_word' id='word_1_45' title='bbox 2170 756 2369 821; x_wconf 81' lang='lat' dir='ltr'><strong>fuerit</strong></span> <span class='ocrx_word' id='word_1_46' title='bbox 2398 756 2491 821; x_wconf 88' lang='lat' dir='ltr'><strong>eis</strong></span> <span class='ocrx_word' id='word_1_47' title='bbox 2522 755 2780 821; x_wconf 88' lang='lat' dir='ltr'><strong>omnino</strong></span> 
     </span>
     <span class='ocr_line' id='line_1_6' title="bbox 389 854 2783 944; baseline -0.001 -23"><span class='ocrx_word' id='word_1_48' title='bbox 389 865 456 921; x_wconf 89' lang='lat' dir='ltr'><strong>et</strong></span> <span class='ocrx_word' id='word_1_49' title='bbox 491 858 734 941; x_wconf 80' lang='lat' dir='ltr'><strong>absque</strong></span> <span class='ocrx_word' id='word_1_50' title='bbox 771 856 906 921; x_wconf 84' lang='lat' dir='ltr'><strong>ulla</strong></span> <span class='ocrx_word' id='word_1_51' title='bbox 945 854 1380 921; x_wconf 81' lang='lat' dir='ltr'><strong>retardatione</strong></span> <span class='ocrx_word' id='word_1_52' title='bbox 1426 854 1769 943; x_wconf 80' lang='lat' dir='ltr'><strong>adimpleri</strong></span> <span class='ocrx_word' id='word_1_53' title='bbox 1812 864 2149 938; x_wconf 78' lang='lat' dir='ltr'><strong>curentur-3</strong></span> <span class='ocrx_word' id='word_1_54' title='bbox 2198 857 2346 941; x_wconf 85' lang='lat' dir='ltr'><strong>quia</strong></span> <span class='ocrx_word' id='word_1_55' title='bbox 2384 856 2541 944; x_wconf 89' lang='lat' dir='ltr'><strong>ipsis</strong></span> <span class='ocrx_word' id='word_1_56' title='bbox 2574 855 2783 943; x_wconf 86' lang='lat' dir='ltr'><strong>respi-</strong></span> 
     </span>
     <span class='ocr_line' id='line_1_7' title="bbox 390 953 2783 1043; baseline 0 -24"><span class='ocrx_word' id='word_1_57' title='bbox 390 953 476 1019; x_wconf 86' lang='lat' dir='ltr'><strong>cit</strong></span> <span class='ocrx_word' id='word_1_58' title='bbox 519 954 833 1039; x_wconf 89' lang='lat' dir='ltr'><strong>quidquid</strong></span> <span class='ocrx_word' id='word_1_59' title='bbox 873 954 998 1043; x_wconf 90' lang='lat' dir='ltr'><strong>ipsi</strong></span> <span class='ocrx_word' id='word_1_60' title='bbox 1041 955 1254 1019; x_wconf 88' lang='lat' dir='ltr'><strong>minus</strong></span> <span class='ocrx_word' id='word_1_61' title='bbox 1298 954 1642 1019; x_wconf 81' lang='lat' dir='ltr'><strong>habuerint</strong></span> <span class='ocrx_word' id='word_1_62' title='bbox 1682 964 1791 1019; x_wconf 88' lang='lat' dir='ltr'><strong>aut</strong></span> <span class='ocrx_word' id='word_1_63' title='bbox 1832 954 2120 1040; x_wconf 82' lang='lat' dir='ltr'><strong>neglecti</strong></span> <span class='ocrx_word' id='word_1_64' title='bbox 2162 955 2423 1021; x_wconf 80' lang='lat' dir='ltr'><strong>fuerint.</strong></span> <span class='ocrx_word' id='word_1_65' title='bbox 2514 954 2601 1021; x_wconf 87' lang='lat' dir='ltr'><strong>Et</strong></span> <span class='ocrx_word' id='word_1_66' title='bbox 2645 954 2783 1019; x_wconf 89' lang='lat' dir='ltr'><strong>sine</strong></span> 
     </span>
     <span class='ocr_line' id='line_1_8' title="bbox 389 1052 2783 1139; baseline -0.001 -20"><span class='ocrx_word' id='word_1_67' title='bbox 389 1052 584 1119; x_wconf 89' lang='lat' dir='ltr'><strong>dubio</strong></span> <span class='ocrx_word' id='word_1_68' title='bbox 642 1054 712 1118; x_wconf 89' lang='lat' dir='ltr'><strong>in</strong></span> <span class='ocrx_word' id='word_1_69' title='bbox 755 1054 928 1119; x_wconf 89' lang='lat' dir='ltr'><strong>diem</strong></span> <span class='ocrx_word' id='word_1_70' title='bbox 971 1054 1381 1119; x_wconf 88' lang='lat' dir='ltr'><strong>tremendum</strong></span> <span class='ocrx_word' id='word_1_71' title='bbox 1417 1054 1677 1136; x_wconf 89' lang='lat' dir='ltr'><strong>iudicii,</strong></span> <span class='ocrx_word' id='word_1_72' title='bbox 1743 1053 1998 1139; x_wconf 88' lang='lat' dir='ltr'><strong>quando</strong></span> <span class='ocrx_word' id='word_1_73' title='bbox 2044 1054 2288 1120; x_wconf 88' lang='lat' dir='ltr'><strong>sederit</strong></span> <span class='ocrx_word' id='word_1_74' title='bbox 2325 1076 2449 1119; x_wconf 82' lang='lat' dir='ltr'><strong>rex</strong></span> <span class='ocrx_word' id='word_1_75' title='bbox 2486 1053 2783 1118; x_wconf 77' lang='lat' dir='ltr'><strong>vivorum</strong></span> 
     </span>
     <span class='ocr_line' id='line_1_9' title="bbox 389 1137 2785 1236; baseline -0.001 -17"><span class='ocrx_word' id='word_1_76' title='bbox 389 1164 454 1219; x_wconf 87' lang='lat' dir='ltr'><strong>et</strong></span> <span class='ocrx_word' id='word_1_77' title='bbox 493 1137 895 1219; x_wconf 72' lang='lat' dir='ltr'><strong>mbr-tuorum</strong></span> <span class='ocrx_word' id='word_1_78' title='bbox 935 1154 1005 1219; x_wconf 89' lang='lat' dir='ltr'><strong>in</strong></span> <span class='ocrx_word' id='word_1_79' title='bbox 1043 1153 1200 1219; x_wconf 89' lang='lat' dir='ltr'><strong>sede</strong></span> <span class='ocrx_word' id='word_1_80' title='bbox 1243 1154 1593 1219; x_wconf 76' lang='lat' dir='ltr'><strong>maiestatis</strong></span> <span class='ocrx_word' id='word_1_81' title='bbox 1636 1175 1811 1236; x_wconf 90' lang='lat' dir='ltr'><strong>suae,</strong></span> <span class='ocrx_word' id='word_1_82' title='bbox 1855 1152 1939 1217; x_wconf 87' lang='lat' dir='ltr'><strong>de</strong></span> <span class='ocrx_word' id='word_1_83' title='bbox 1984 1153 2281 1219; x_wconf 84' lang='lat' dir='ltr'><strong>omnibus</strong></span> <span class='ocrx_word' id='word_1_84' title='bbox 2318 1153 2423 1217; x_wconf 82' lang='lat' dir='ltr'><strong>his</strong></span> <span class='ocrx_word' id='word_1_85' title='bbox 2462 1153 2785 1221; x_wconf 83' lang='lat' dir='ltr'><strong>rationem</strong></span> 
     </span>
     <span class='ocr_line' id='line_1_10' title="bbox 387 1251 2780 1341; baseline -0 -23"><span class='ocrx_word' id='word_1_86' title='bbox 387 1262 576 1319; x_wconf 87' lang='lat' dir='ltr'><strong>erunt</strong></span> <span class='ocrx_word' id='word_1_87' title='bbox 613 1253 953 1337; x_wconf 83' lang='lat' dir='ltr'><strong>reddituri,</strong></span> <span class='ocrx_word' id='word_1_88' title='bbox 995 1253 1269 1339; x_wconf 86' lang='lat' dir='ltr'><strong>qualiter</strong></span> <span class='ocrx_word' id='word_1_89' title='bbox 1312 1254 1404 1320; x_wconf 87' lang='lat' dir='ltr'><strong>eis</strong></span> <span class='ocrx_word' id='word_1_90' title='bbox 1447 1253 1990 1319; x_wconf 83' lang='lat' dir='ltr'><strong>ministraverunt.</strong></span> <span class='ocrx_word' id='word_1_91' title='bbox 2056 1253 2144 1319; x_wconf 88' lang='lat' dir='ltr'><strong>Et</strong></span> <span class='ocrx_word' id='word_1_92' title='bbox 2187 1252 2243 1319; x_wconf 88' lang='lat' dir='ltr'><strong>si</strong></span> <span class='ocrx_word' id='word_1_93' title='bbox 2279 1252 2423 1341; x_wconf 87' lang='lat' dir='ltr'><strong>ipse</strong></span> <span class='ocrx_word' id='word_1_94' title='bbox 2467 1251 2780 1317; x_wconf 81' lang='lat' dir='ltr'><strong>archidia-</strong></span> 
     </span>
     <span class='ocr_line' id='line_1_11' title="bbox 389 1352 2781 1442; baseline -0.002 -23"><span class='ocrx_word' id='word_1_95' title='bbox 389 1376 587 1419; x_wconf 86' lang='lat' dir='ltr'><strong>conus</strong></span> <span class='ocrx_word' id='word_1_96' title='bbox 628 1354 739 1418; x_wconf 81' lang='lat' dir='ltr'><strong>vel</strong></span> <span class='ocrx_word' id='word_1_97' title='bbox 778 1352 1184 1442; x_wconf 83' lang='lat' dir='ltr'><strong>primicerius</strong></span> <span class='ocrx_word' id='word_1_98' title='bbox 1227 1353 1311 1417; x_wconf 89' lang='lat' dir='ltr'><strong>ad</strong></span> <span class='ocrx_word' id='word_1_99' title='bbox 1349 1353 1619 1441; x_wconf 88' lang='lat' dir='ltr'><strong>plenum</strong></span> <span class='ocrx_word' id='word_1_100' title='bbox 1656 1375 1790 1419; x_wconf 90' lang='lat' dir='ltr'><strong>non</strong></span> <span class='ocrx_word' id='word_1_101' title='bbox 1825 1352 2105 1419; x_wconf 78' lang='lat' dir='ltr'><strong>habeant</strong></span> <span class='ocrx_word' id='word_1_102' title='bbox 2143 1352 2319 1419; x_wconf 87' lang='lat' dir='ltr'><strong>unde</strong></span> <span class='ocrx_word' id='word_1_103' title='bbox 2348 1352 2601 1440; x_wconf 82' lang='lat' dir='ltr'><strong>possint</strong></span> <span class='ocrx_word' id='word_1_104' title='bbox 2629 1374 2781 1439; x_wconf 87' lang='lat' dir='ltr'><strong>pro-</strong></span> 
     </span>
     <span class='ocr_line' id='line_1_12' title="bbox 391 1452 2781 1541; baseline -0.001 -24"><span class='ocrx_word' id='word_1_105' title='bbox 391 1474 614 1518; x_wconf 86' lang='lat' dir='ltr'><strong>curare</strong></span> <span class='ocrx_word' id='word_1_106' title='bbox 671 1454 1160 1519; x_wconf 85' lang='lat' dir='ltr'><strong>necessitatibus</strong></span> <span class='ocrx_word' id='word_1_107' title='bbox 1203 1474 1457 1536; x_wconf 88' lang='lat' dir='ltr'><strong>eorum,</strong></span> <span class='ocrx_word' id='word_1_108' title='bbox 1518 1453 1645 1517; x_wconf 86' lang='lat' dir='ltr'><strong>hoc</strong></span> <span class='ocrx_word' id='word_1_109' title='bbox 1692 1453 1951 1518; x_wconf 90' lang='lat' dir='ltr'><strong>omnino</strong></span> <span class='ocrx_word' id='word_1_110' title='bbox 1993 1453 2297 1541; x_wconf 85' lang='lat' dir='ltr'><strong>episcopo</strong></span> <span class='ocrx_word' id='word_1_111' title='bbox 2338 1452 2781 1517; x_wconf 79' lang='lat' dir='ltr'><strong>innotescant:</strong></span> 
     </span>
     <span class='ocr_line' id='line_1_13' title="bbox 395 1550 2785 1641; baseline -0.001 -24"><span class='ocrx_word' id='word_1_112' title='bbox 395 1561 460 1617; x_wconf 91' lang='lat' dir='ltr'><strong>et</strong></span> <span class='ocrx_word' id='word_1_113' title='bbox 517 1551 658 1639; x_wconf 87' lang='lat' dir='ltr'><strong>ipse</strong></span> <span class='ocrx_word' id='word_1_114' title='bbox 716 1552 1072 1617; x_wconf 88' lang='lat' dir='ltr'><strong>secundum</strong></span> <span class='ocrx_word' id='word_1_115' title='bbox 1116 1552 1246 1617; x_wconf 89' lang='lat' dir='ltr'><strong>Dei</strong></span> <span class='ocrx_word' id='word_1_116' title='bbox 1300 1552 1599 1617; x_wconf 87' lang='lat' dir='ltr'><strong>timorem</strong></span> <span class='ocrx_word' id='word_1_117' title='bbox 1664 1560 1730 1615; x_wconf 92' lang='lat' dir='ltr'><strong>et</strong></span> <span class='ocrx_word' id='word_1_118' title='bbox 1772 1574 2059 1617; x_wconf 85' lang='lat' dir='ltr'><strong>amorem</strong></span> <span class='ocrx_word' id='word_1_119' title='bbox 2106 1551 2482 1641; x_wconf 84' lang='lat' dir='ltr'><strong>provideat,</strong></span> <span class='ocrx_word' id='word_1_120' title='bbox 2545 1559 2621 1615; x_wconf 91' lang='lat' dir='ltr'><strong>ut</strong></span> <span class='ocrx_word' id='word_1_121' title='bbox 2658 1550 2785 1617; x_wconf 84' lang='lat' dir='ltr'><strong>hoc</strong></span> 
     </span>
     <span class='ocr_line' id='line_1_14' title="bbox 389 1650 2783 1741; baseline 0.001 -26"><span class='ocrx_word' id='word_1_122' title='bbox 389 1651 565 1736; x_wconf 88' lang='lat' dir='ltr'><strong>quod</strong></span> <span class='ocrx_word' id='word_1_123' title='bbox 621 1651 889 1740; x_wconf 86' lang='lat' dir='ltr'><strong>expedit</strong></span> <span class='ocrx_word' id='word_1_124' title='bbox 938 1651 1097 1741; x_wconf 88' lang='lat' dir='ltr'><strong>ipsis</strong></span> <span class='ocrx_word' id='word_1_125' title='bbox 1136 1651 1408 1718; x_wconf 89' lang='lat' dir='ltr'><strong>infirmis</strong></span> <span class='ocrx_word' id='word_1_126' title='bbox 1423 1700 1444 1735; x_wconf 93' lang='lat'><strong>,</strong></span> <span class='ocrx_word' id='word_1_127' title='bbox 1506 1660 1579 1715; x_wconf 91' lang='lat' dir='ltr'><strong>ut</strong></span> <span class='ocrx_word' id='word_1_128' title='bbox 1617 1650 1899 1717; x_wconf 87' lang='lat' dir='ltr'><strong>habeant</strong></span> <span class='ocrx_word' id='word_1_129' title='bbox 1934 1650 2111 1715; x_wconf 89' lang='lat' dir='ltr'><strong>unde</strong></span> <span class='ocrx_word' id='word_1_130' title='bbox 2152 1652 2247 1717; x_wconf 87' lang='lat' dir='ltr'><strong>eis</strong></span> <span class='ocrx_word' id='word_1_131' title='bbox 2288 1652 2783 1719; x_wconf 85' lang='lat' dir='ltr'><strong>necessitatibus</strong></span> 
     </span>
     <span class='ocr_line' id='line_1_15' title="bbox 387 1751 1056 1839; baseline 0.001 -24"><span class='ocrx_word' id='word_1_132' title='bbox 387 1751 648 1816; x_wconf 88' lang='lat' dir='ltr'><strong>illorum</strong></span> <span class='ocrx_word' id='word_1_133' title='bbox 688 1761 1056 1839; x_wconf 90' lang='lat' dir='ltr'><strong>procurent.</strong></span> 
     </span>
    </p>

    <p class='ocr_par' dir='ltr' id='par_1_3' title="bbox 385 1849 2787 2637">
     <span class='ocr_line' id='line_1_16' title="bbox 552 1849 2781 1939; baseline -0 -23"><span class='ocrx_word' id='word_1_134' title='bbox 552 1850 806 1934; x_wconf 86' lang='lat' dir='ltr'><strong>Quibus</strong></span> <span class='ocrx_word' id='word_1_135' title='bbox 867 1850 1140 1916; x_wconf 88' lang='lat' dir='ltr'><strong>infirmis</strong></span> <span class='ocrx_word' id='word_1_136' title='bbox 1195 1850 1324 1915; x_wconf 88' lang='lat' dir='ltr'><strong>sint</strong></span> <span class='ocrx_word' id='word_1_137' title='bbox 1363 1849 1727 1915; x_wconf 82' lang='lat' dir='ltr'><strong>mansiones</strong></span> <span class='ocrx_word' id='word_1_138' title='bbox 1773 1850 2117 1939; x_wconf 86' lang='lat' dir='ltr'><strong>deputatae</strong></span> <span class='ocrx_word' id='word_1_139' title='bbox 2160 1872 2355 1939; x_wconf 89' lang='lat' dir='ltr'><strong>super</strong></span> <span class='ocrx_word' id='word_1_140' title='bbox 2394 1872 2465 1917; x_wconf 87' lang='lat' dir='ltr'><strong>se</strong></span> <span class='ocrx_word' id='word_1_141' title='bbox 2504 1850 2781 1916; x_wconf 90' lang='lat' dir='ltr'><strong>rationa-</strong></span> 
     </span>
     <span class='ocr_line' id='line_1_17' title="bbox 388 1949 2783 2039; baseline -0 -22"><span class='ocrx_word' id='word_1_142' title='bbox 388 1950 608 2017; x_wconf 87' lang='lat' dir='ltr'><strong>biliter</strong></span> <span class='ocrx_word' id='word_1_143' title='bbox 648 1950 979 2038; x_wconf 84' lang='lat' dir='ltr'><strong>depositae</strong></span> <span class='ocrx_word' id='word_1_144' title='bbox 1028 1949 1389 2037; x_wconf 85' lang='lat' dir='ltr'><strong>condignae</strong></span> <span class='ocrx_word' id='word_1_145' title='bbox 1431 1960 1497 2014; x_wconf 88' lang='lat' dir='ltr'><strong>et</strong></span> <span class='ocrx_word' id='word_1_146' title='bbox 1537 1958 1764 2037; x_wconf 87' lang='lat' dir='ltr'><strong>aptae,</strong></span> <span class='ocrx_word' id='word_1_147' title='bbox 1821 1950 1933 2017; x_wconf 90' lang='lat' dir='ltr'><strong>ubi</strong></span> <span class='ocrx_word' id='word_1_148' title='bbox 1980 1972 2123 2017; x_wconf 88' lang='lat' dir='ltr'><strong>esse</strong></span> <span class='ocrx_word' id='word_1_149' title='bbox 2166 1950 2453 2039; x_wconf 85' lang='lat' dir='ltr'><strong>possint,</strong></span> <span class='ocrx_word' id='word_1_150' title='bbox 2499 1950 2655 2015; x_wconf 90' lang='lat' dir='ltr'><strong>dum</strong></span> <span class='ocrx_word' id='word_1_151' title='bbox 2698 1950 2783 2017; x_wconf 90' lang='lat' dir='ltr'><strong>de</strong></span> 
     </span>
     <span class='ocr_line' id='line_1_18' title="bbox 385 2049 2783 2139; baseline 0 -23"><span class='ocrx_word' id='word_1_152' title='bbox 385 2049 863 2116; x_wconf 87' lang='lat' dir='ltr'><strong>infirmitatibus</strong></span> <span class='ocrx_word' id='word_1_153' title='bbox 911 2050 1040 2115; x_wconf 89' lang='lat' dir='ltr'><strong>suis</strong></span> <span class='ocrx_word' id='word_1_154' title='bbox 1085 2052 1559 2115; x_wconf 83' lang='lat' dir='ltr'><strong>convalescunt.</strong></span> <span class='ocrx_word' id='word_1_155' title='bbox 1604 2050 1692 2115; x_wconf 83' lang='lat' dir='ltr'><strong>Et</strong></span> <span class='ocrx_word' id='word_1_156' title='bbox 1736 2051 1819 2115; x_wconf 88' lang='lat' dir='ltr'><strong>sit</strong></span> <span class='ocrx_word' id='word_1_157' title='bbox 1858 2073 2023 2115; x_wconf 88' lang='lat' dir='ltr'><strong>unus</strong></span> <span class='ocrx_word' id='word_1_158' title='bbox 2068 2073 2155 2116; x_wconf 85' lang='lat' dir='ltr'><strong>ex</strong></span> <span class='ocrx_word' id='word_1_159' title='bbox 2199 2052 2373 2117; x_wconf 90' lang='lat' dir='ltr'><strong>clero</strong></span> <span class='ocrx_word' id='word_1_160' title='bbox 2418 2051 2783 2139; x_wconf 89' lang='lat' dir='ltr'><strong>deputatus,</strong></span> 
     </span>
     <span class='ocr_line' id='line_1_19' title="bbox 388 2148 2787 2239; baseline 0 -24"><span class='ocrx_word' id='word_1_161' title='bbox 388 2152 621 2215; x_wconf 90' lang='lat' dir='ltr'><strong>timens</strong></span> <span class='ocrx_word' id='word_1_162' title='bbox 663 2148 916 2233; x_wconf 88' lang='lat' dir='ltr'><strong>Deum,</strong></span> <span class='ocrx_word' id='word_1_163' title='bbox 983 2150 1092 2235; x_wconf 91' lang='lat' dir='ltr'><strong>qui</strong></span> <span class='ocrx_word' id='word_1_164' title='bbox 1157 2151 1324 2215; x_wconf 86' lang='lat' dir='ltr'><strong>circa</strong></span> <span class='ocrx_word' id='word_1_165' title='bbox 1385 2150 1561 2239; x_wconf 91' lang='lat' dir='ltr'><strong>ipsos</strong></span> <span class='ocrx_word' id='word_1_166' title='bbox 1608 2149 1901 2215; x_wconf 85' lang='lat' dir='ltr'><strong>infirmos</strong></span> <span class='ocrx_word' id='word_1_167' title='bbox 1946 2151 2289 2217; x_wconf 85' lang='lat' dir='ltr'><strong>maximam</strong></span> <span class='ocrx_word' id='word_1_168' title='bbox 2332 2175 2550 2217; x_wconf 90' lang='lat' dir='ltr'><strong>curam</strong></span> <span class='ocrx_word' id='word_1_169' title='bbox 2594 2160 2787 2239; x_wconf 80' lang='lat' dir='ltr'><strong>gerat</strong></span> 
     </span>
     <span class='ocr_line' id='line_1_20' title="bbox 389 2250 2783 2341; baseline 0.001 -26"><span class='ocrx_word' id='word_1_170' title='bbox 389 2252 472 2316; x_wconf 89' lang='lat' dir='ltr'><strong>de</strong></span> <span class='ocrx_word' id='word_1_171' title='bbox 531 2251 827 2341; x_wconf 80' lang='lat' dir='ltr'><strong>omnibus</strong></span> <span class='ocrx_word' id='word_1_172' title='bbox 886 2250 1372 2317; x_wconf 86' lang='lat' dir='ltr'><strong>necessitatibus</strong></span> <span class='ocrx_word' id='word_1_173' title='bbox 1417 2272 1681 2331; x_wconf 83' lang='lat' dir='ltr'><strong>eorum3</strong></span> <span class='ocrx_word' id='word_1_174' title='bbox 1752 2259 1818 2313; x_wconf 85' lang='lat' dir='ltr'><strong>et</strong></span> <span class='ocrx_word' id='word_1_175' title='bbox 1858 2250 2093 2317; x_wconf 88' lang='lat' dir='ltr'><strong>habeat</strong></span> <span class='ocrx_word' id='word_1_176' title='bbox 2132 2252 2463 2335; x_wconf 88' lang='lat' dir='ltr'><strong>solatium,</strong></span> <span class='ocrx_word' id='word_1_177' title='bbox 2525 2252 2579 2316; x_wconf 89' lang='lat' dir='ltr'><strong>si</strong></span> <span class='ocrx_word' id='word_1_178' title='bbox 2618 2275 2783 2339; x_wconf 84' lang='lat' dir='ltr'><strong>opus</strong></span> 
     </span>
     <span class='ocr_line' id='line_1_21' title="bbox 392 2349 2783 2440; baseline 0 -24"><span class='ocrx_word' id='word_1_179' title='bbox 392 2360 520 2435; x_wconf 88' lang='lat' dir='ltr'><strong>est,</strong></span> <span class='ocrx_word' id='word_1_180' title='bbox 588 2352 770 2417; x_wconf 86' lang='lat' dir='ltr'><strong>iuxta</strong></span> <span class='ocrx_word' id='word_1_181' title='bbox 826 2350 1001 2435; x_wconf 89' lang='lat' dir='ltr'><strong>quod</strong></span> <span class='ocrx_word' id='word_1_182' title='bbox 1045 2350 1445 2416; x_wconf 90' lang='lat' dir='ltr'><strong>constituerit</strong></span> <span class='ocrx_word' id='word_1_183' title='bbox 1484 2349 1695 2440; x_wconf 88' lang='lat' dir='ltr'><strong>prior,</strong></span> <span class='ocrx_word' id='word_1_184' title='bbox 1758 2359 1832 2414; x_wconf 91' lang='lat' dir='ltr'><strong>ut</strong></span> <span class='ocrx_word' id='word_1_185' title='bbox 1872 2352 2113 2436; x_wconf 82' lang='lat' dir='ltr'><strong>absque</strong></span> <span class='ocrx_word' id='word_1_186' title='bbox 2156 2352 2665 2419; x_wconf 83' lang='lat' dir='ltr'><strong>murmuratione</strong></span> <span class='ocrx_word' id='word_1_187' title='bbox 2715 2362 2783 2417; x_wconf 90' lang='lat' dir='ltr'><strong>et</strong></span> 
     </span>
     <span class='ocr_line' id='line_1_22' title="bbox 385 2448 2779 2539; baseline 0.001 -22"><span class='ocrx_word' id='word_1_188' title='bbox 385 2452 790 2539; x_wconf 85' lang='lat' dir='ltr'><strong>negligentia</strong></span> <span class='ocrx_word' id='word_1_189' title='bbox 818 2451 1135 2516; x_wconf 79' lang='lat' dir='ltr'><strong>serviatur</strong></span> <span class='ocrx_word' id='word_1_190' title='bbox 1162 2450 1455 2516; x_wconf 88' lang='lat' dir='ltr'><strong>infirmis.</strong></span> <span class='ocrx_word' id='word_1_191' title='bbox 1498 2448 1591 2515; x_wconf 87' lang='lat' dir='ltr'><strong>Es</strong></span> <span class='ocrx_word' id='word_1_192' title='bbox 1618 2450 1795 2536; x_wconf 86' lang='lat' dir='ltr'><strong>sciat,</strong></span> <span class='ocrx_word' id='word_1_193' title='bbox 1840 2449 1893 2515; x_wconf 88' lang='lat' dir='ltr'><strong>si</strong></span> <span class='ocrx_word' id='word_1_194' title='bbox 1925 2452 2094 2517; x_wconf 88' lang='lat' dir='ltr'><strong>bene</strong></span> <span class='ocrx_word' id='word_1_195' title='bbox 2123 2451 2597 2535; x_wconf 85' lang='lat' dir='ltr'><strong>ministraverit,</strong></span> <span class='ocrx_word' id='word_1_196' title='bbox 2630 2474 2779 2539; x_wconf 82' lang='lat' dir='ltr'><strong>gra-</strong></span> 
     </span>
     <span class='ocr_line' id='line_1_23' title="bbox 389 2550 1424 2637; baseline 0 -22"><span class='ocrx_word' id='word_1_197' title='bbox 389 2550 542 2617; x_wconf 87' lang='lat' dir='ltr'><strong>dum</strong></span> <span class='ocrx_word' id='word_1_198' title='bbox 583 2553 824 2618; x_wconf 90' lang='lat' dir='ltr'><strong>bonum</strong></span> <span class='ocrx_word' id='word_1_199' title='bbox 867 2550 990 2616; x_wconf 89' lang='lat' dir='ltr'><strong>sibi</strong></span> <span class='ocrx_word' id='word_1_200' title='bbox 1031 2550 1330 2637; x_wconf 83' lang='lat' dir='ltr'><strong>adquiret</strong></span> <span class='ocrx_word' id='word_1_201' title='bbox 1351 2550 1424 2635; x_wconf 88' lang='lat'><strong>1).</strong></span> 
     </span>
    </p>

    <p class='ocr_par' dir='ltr' id='par_1_4' title="bbox 383 2647 2785 3018">
     <span class='ocr_line' id='line_1_24' title="bbox 554 2647 2785 2737; baseline 0.001 -20"><span class='ocrx_word' id='word_1_202' title='bbox 554 2647 694 2717; x_wconf 82' lang='lat' dir='ltr'><strong>Sed</strong></span> <span class='ocrx_word' id='word_1_203' title='bbox 739 2658 805 2714; x_wconf 90' lang='lat' dir='ltr'><strong>et</strong></span> <span class='ocrx_word' id='word_1_204' title='bbox 847 2649 972 2736; x_wconf 90' lang='lat' dir='ltr'><strong>ipsi</strong></span> <span class='ocrx_word' id='word_1_205' title='bbox 1013 2648 1254 2714; x_wconf 87' lang='lat' dir='ltr'><strong>infirmi</strong></span> <span class='ocrx_word' id='word_1_206' title='bbox 1295 2648 1709 2715; x_wconf 87' lang='lat' dir='ltr'><strong>considerent</strong></span> <span class='ocrx_word' id='word_1_207' title='bbox 1746 2649 1815 2714; x_wconf 90' lang='lat' dir='ltr'><strong>in</strong></span> <span class='ocrx_word' id='word_1_208' title='bbox 1836 2650 2089 2715; x_wconf 89' lang='lat' dir='ltr'><strong>honore</strong></span> <span class='ocrx_word' id='word_1_209' title='bbox 2109 2650 2241 2716; x_wconf 88' lang='lat' dir='ltr'><strong>Dei</strong></span> <span class='ocrx_word' id='word_1_210' title='bbox 2272 2652 2394 2717; x_wconf 89' lang='lat' dir='ltr'><strong>sibi</strong></span> <span class='ocrx_word' id='word_1_211' title='bbox 2421 2653 2671 2737; x_wconf 82' lang='lat' dir='ltr'><strong>serviri,</strong></span> <span class='ocrx_word' id='word_1_212' title='bbox 2717 2663 2785 2719; x_wconf 90' lang='lat' dir='ltr'><strong>et</strong></span> 
     </span>
     <span class='ocr_line' id='line_1_25' title="bbox 383 2749 2777 2838; baseline 0.002 -23"><span class='ocrx_word' id='word_1_213' title='bbox 383 2773 516 2815; x_wconf 92' lang='lat' dir='ltr'><strong>non</strong></span> <span class='ocrx_word' id='word_1_214' title='bbox 553 2749 1001 2838; x_wconf 88' lang='lat' dir='ltr'><strong>superfluitate</strong></span> <span class='ocrx_word' id='word_1_215' title='bbox 1050 2771 1164 2814; x_wconf 89' lang='lat' dir='ltr'><strong>sua</strong></span> <span class='ocrx_word' id='word_1_216' title='bbox 1211 2750 1591 2815; x_wconf 86' lang='lat' dir='ltr'><strong>contristent</strong></span> <span class='ocrx_word' id='word_1_217' title='bbox 1627 2750 1983 2815; x_wconf 85' lang='lat' dir='ltr'><strong>servientes</strong></span> <span class='ocrx_word' id='word_1_218' title='bbox 2030 2750 2171 2817; x_wconf 89' lang='lat' dir='ltr'><strong>sibi.</strong></span> <span class='ocrx_word' id='word_1_219' title='bbox 2220 2753 2353 2835; x_wconf 83' lang='lat' dir='ltr'><strong>Qui</strong></span> <span class='ocrx_word' id='word_1_220' title='bbox 2396 2760 2644 2820; x_wconf 87' lang='lat' dir='ltr'><strong>tantum</strong></span> <span class='ocrx_word' id='word_1_221' title='bbox 2680 2752 2777 2819; x_wconf 91' lang='lat' dir='ltr'><strong>in-</strong></span> 
     </span>
     <span class='ocr_line' id='line_1_26' title="bbox 387 2848 2777 2940; baseline -0 -20"><span class='ocrx_word' id='word_1_222' title='bbox 387 2852 558 2921; x_wconf 85' lang='lat' dir='ltr'><strong>firmi</strong></span> <span class='ocrx_word' id='word_1_223' title='bbox 620 2848 920 2940; x_wconf 89' lang='lat' dir='ltr'><strong>portandi</strong></span> <span class='ocrx_word' id='word_1_224' title='bbox 963 2858 1146 2914; x_wconf 83' lang='lat' dir='ltr'><strong>sunt:</strong></span> <span class='ocrx_word' id='word_1_225' title='bbox 1213 2858 1279 2913; x_wconf 83' lang='lat' dir='ltr'><strong>at</strong></span> <span class='ocrx_word' id='word_1_226' title='bbox 1316 2850 1427 2915; x_wconf 90' lang='lat' dir='ltr'><strong>ubi</strong></span> <span class='ocrx_word' id='word_1_227' title='bbox 1468 2848 1789 2915; x_wconf 88' lang='lat' dir='ltr'><strong>meliorati</strong></span> <span class='ocrx_word' id='word_1_228' title='bbox 1831 2850 2103 2935; x_wconf 88' lang='lat' dir='ltr'><strong>fuerint,</strong></span> <span class='ocrx_word' id='word_1_229' title='bbox 2166 2852 2441 2918; x_wconf 86' lang='lat' dir='ltr'><strong>redeant</strong></span> <span class='ocrx_word' id='word_1_230' title='bbox 2480 2854 2562 2919; x_wconf 90' lang='lat' dir='ltr'><strong>ad</strong></span> <span class='ocrx_word' id='word_1_231' title='bbox 2606 2853 2777 2919; x_wconf 84' lang='lat' dir='ltr'><strong>ordi-</strong></span> 
     </span>
     <span class='ocr_line' id='line_1_27' title="bbox 385 2974 714 3018; baseline -0.009 0"><span class='ocrx_word' id='word_1_232' title='bbox 385 2974 502 3018; x_wconf 88' lang='lat' dir='ltr'><strong>nes</strong></span> <span class='ocrx_word' id='word_1_233' title='bbox 545 2974 714 3017; x_wconf 88' lang='lat' dir='ltr'><strong>suos.</strong></span> 
     </span>
    </p>
   </div>
   <div class='ocr_carea' id='block_1_3' title="bbox 485 3114 2685 3307">
    <p class='ocr_par' dir='ltr' id='par_1_5' title="bbox 485 3114 2685 3307">
     <span class='ocr_line' id='line_1_28' title="bbox 485 3114 2685 3205; baseline 0.001 -20"><span class='ocrx_word' id='word_1_234' title='bbox 485 3116 642 3205; x_wconf 74' lang='lat' dir='ltr'><strong>Gap.</strong></span> <span class='ocrx_word' id='word_1_235' title='bbox 685 3114 940 3183; x_wconf 89' lang='lat' dir='ltr'>XXIX.</span> <span class='ocrx_word' id='word_1_236' title='bbox 1028 3114 1130 3181; x_wconf 81' lang='lat' dir='ltr'><strong>De</strong></span> <span class='ocrx_word' id='word_1_237' title='bbox 1171 3120 1563 3183; x_wconf 76' lang='lat' dir='ltr'><strong>vestimentis</strong></span> <span class='ocrx_word' id='word_1_238' title='bbox 1609 3118 2014 3200; x_wconf 75' lang='lat' dir='ltr'><strong>clericorum,</strong></span> <span class='ocrx_word' id='word_1_239' title='bbox 2058 3120 2165 3185; x_wconf 82' lang='lat' dir='ltr'><strong>vel</strong></span> <span class='ocrx_word' id='word_1_240' title='bbox 2210 3121 2685 3202; x_wconf 75' lang='lat' dir='ltr'><strong>calceamentis,</strong></span> 
     </span>
     <span class='ocr_line' id='line_1_29' title="bbox 1407 3218 1755 3307; baseline -0.003 -26"><span class='ocrx_word' id='word_1_241' title='bbox 1407 3218 1515 3281; x_wconf 82' lang='lat' dir='ltr'><strong>vel</strong></span> <span class='ocrx_word' id='word_1_242' title='bbox 1556 3218 1755 3307; x_wconf 73' lang='lat' dir='ltr'><strong>liqna.</strong></span> 
     </span>
    </p>
   </div>
   <div class='ocr_carea' id='block_1_4' title="bbox 386 3349 2783 4043">
    <p class='ocr_par' dir='ltr' id='par_1_6' title="bbox 386 3349 2783 4043">
     <span class='ocr_line' id='line_1_30' title="bbox 555 3349 2778 3441; baseline 0.004 -26"><span class='ocrx_word' id='word_1_243' title='bbox 555 3350 682 3415; x_wconf 89' lang='lat' dir='ltr'><strong>Illa</strong></span> <span class='ocrx_word' id='word_1_244' title='bbox 722 3349 937 3416; x_wconf 89' lang='lat' dir='ltr'><strong>media</strong></span> <span class='ocrx_word' id='word_1_245' title='bbox 980 3373 1132 3437; x_wconf 89' lang='lat' dir='ltr'><strong>pars</strong></span> <span class='ocrx_word' id='word_1_246' title='bbox 1173 3350 1330 3415; x_wconf 89' lang='lat' dir='ltr'><strong>cleri</strong></span> <span class='ocrx_word' id='word_1_247' title='bbox 1374 3351 1487 3437; x_wconf 90' lang='lat' dir='ltr'><strong>qui</strong></span> <span class='ocrx_word' id='word_1_248' title='bbox 1529 3352 1816 3419; x_wconf 85' lang='lat' dir='ltr'><strong>seniores</strong></span> <span class='ocrx_word' id='word_1_249' title='bbox 1860 3353 2101 3419; x_wconf 85' lang='lat' dir='ltr'><strong>fuerint</strong></span> <span class='ocrx_word' id='word_1_250' title='bbox 2140 3354 2320 3419; x_wconf 83' lang='lat' dir='ltr'><strong>annis</strong></span> <span class='ocrx_word' id='word_1_251' title='bbox 2366 3354 2642 3441; x_wconf 86' lang='lat' dir='ltr'><strong>singulis</strong></span> <span class='ocrx_word' id='word_1_252' title='bbox 2680 3380 2778 3423; x_wconf 85' lang='lat' dir='ltr'><strong>ac-</strong></span> 
     </span>
     <span class='ocr_line' id='line_1_31' title="bbox 388 3450 2783 3544; baseline 0.003 -29"><span class='ocrx_word' id='word_1_253' title='bbox 388 3450 626 3539; x_wconf 88' lang='lat' dir='ltr'><strong>cipiant</strong></span> <span class='ocrx_word' id='word_1_254' title='bbox 667 3473 898 3539; x_wconf 87' lang='lat' dir='ltr'><strong>cappas</strong></span> <span class='ocrx_word' id='word_1_255' title='bbox 937 3472 1158 3533; x_wconf 87' lang='lat' dir='ltr'><strong>novas,</strong></span> <span class='ocrx_word' id='word_1_256' title='bbox 1203 3460 1270 3535; x_wconf 79' lang='lat' dir='ltr'><strong>et</strong></span> <span class='ocrx_word' id='word_1_257' title='bbox 1306 3461 1564 3517; x_wconf 86' lang='lat' dir='ltr'><strong>veteres</strong></span> <span class='ocrx_word' id='word_1_258' title='bbox 1610 3474 1769 3537; x_wconf 89' lang='lat' dir='ltr'><strong>quas</strong></span> <span class='ocrx_word' id='word_1_259' title='bbox 1812 3454 2163 3541; x_wconf 87' lang='lat' dir='ltr'><strong>praeterito</strong></span> <span class='ocrx_word' id='word_1_260' title='bbox 2190 3478 2355 3521; x_wconf 88' lang='lat' dir='ltr'><strong>anno</strong></span> <span class='ocrx_word' id='word_1_261' title='bbox 2392 3466 2783 3544; x_wconf 85' lang='lat' dir='ltr'><strong>acceperunt</strong></span> 
     </span>
     <span class='ocr_line' id='line_1_32' title="bbox 386 3544 2776 3642; baseline 0.004 -27"><span class='ocrx_word' id='word_1_262' title='bbox 386 3544 644 3640; x_wconf 83' lang='lat' dir='ltr'><strong>semper</strong></span> <span class='ocrx_word' id='word_1_263' title='bbox 667 3550 966 3633; x_wconf 86' lang='lat' dir='ltr'><strong>reddant,</strong></span> <span class='ocrx_word' id='word_1_264' title='bbox 1013 3550 1166 3615; x_wconf 88' lang='lat' dir='ltr'><strong>dum</strong></span> <span class='ocrx_word' id='word_1_265' title='bbox 1193 3551 1515 3639; x_wconf 88' lang='lat' dir='ltr'><strong>accipiunt</strong></span> <span class='ocrx_word' id='word_1_266' title='bbox 1538 3575 1757 3619; x_wconf 82' lang='lat' dir='ltr'><strong>novaS.</strong></span> <span class='ocrx_word' id='word_1_267' title='bbox 1800 3554 1887 3619; x_wconf 86' lang='lat' dir='ltr'><strong>Et</strong></span> <span class='ocrx_word' id='word_1_268' title='bbox 1912 3554 2024 3619; x_wconf 88' lang='lat' dir='ltr'><strong>illa</strong></span> <span class='ocrx_word' id='word_1_269' title='bbox 2045 3554 2170 3619; x_wconf 88' lang='lat' dir='ltr'><strong>alia</strong></span> <span class='ocrx_word' id='word_1_270' title='bbox 2194 3556 2508 3621; x_wconf 86' lang='lat' dir='ltr'><strong>medietas</strong></span> <span class='ocrx_word' id='word_1_271' title='bbox 2530 3556 2585 3642; x_wconf 73' lang='grc'><strong>2)</strong></span> <span class='ocrx_word' id='word_1_272' title='bbox 2622 3558 2776 3623; x_wconf 87' lang='lat' dir='ltr'><strong>cleri</strong></span> 
     </span>
     <span class='ocr_line' id='line_1_33' title="bbox 387 3651 2777 3742; baseline 0.003 -26"><span class='ocrx_word' id='word_1_273' title='bbox 387 3651 532 3716; x_wconf 90' lang='lat' dir='ltr'><strong>illas</strong></span> <span class='ocrx_word' id='word_1_274' title='bbox 587 3659 842 3715; x_wconf 81' lang='lat' dir='ltr'><strong>veteres</strong></span> <span class='ocrx_word' id='word_1_275' title='bbox 906 3674 1174 3739; x_wconf 85' lang='lat' dir='ltr'><strong>cappas,</strong></span> <span class='ocrx_word' id='word_1_276' title='bbox 1243 3672 1402 3735; x_wconf 89' lang='lat' dir='ltr'><strong>quas</strong></span> <span class='ocrx_word' id='word_1_277' title='bbox 1451 3651 1549 3716; x_wconf 91' lang='lat' dir='ltr'><strong>illi</strong></span> <span class='ocrx_word' id='word_1_278' title='bbox 1597 3654 1883 3719; x_wconf 87' lang='lat' dir='ltr'><strong>seniores</strong></span> <span class='ocrx_word' id='word_1_279' title='bbox 1928 3655 2111 3719; x_wconf 88' lang='lat' dir='ltr'><strong>annis</strong></span> <span class='ocrx_word' id='word_1_280' title='bbox 2156 3655 2431 3742; x_wconf 84' lang='lat' dir='ltr'><strong>singulis</strong></span> <span class='ocrx_word' id='word_1_281' title='bbox 2474 3656 2777 3741; x_wconf 87' lang='lat' dir='ltr'><strong>reddunt,</strong></span> 
     </span>
     <span class='ocr_line' id='line_1_34' title="bbox 388 3750 2775 3841; baseline 0.003 -26"><span class='ocrx_word' id='word_1_282' title='bbox 388 3751 746 3840; x_wconf 87' lang='lat' dir='ltr'><strong>accipiant:</strong></span> <span class='ocrx_word' id='word_1_283' title='bbox 809 3760 876 3815; x_wconf 90' lang='lat' dir='ltr'><strong>et</strong></span> <span class='ocrx_word' id='word_1_284' title='bbox 927 3750 1025 3815; x_wconf 88' lang='lat' dir='ltr'><strong>illi</strong></span> <span class='ocrx_word' id='word_1_285' title='bbox 1083 3752 1374 3816; x_wconf 87' lang='lat' dir='ltr'><strong>seniores</strong></span> <span class='ocrx_word' id='word_1_286' title='bbox 1418 3750 1561 3815; x_wconf 88' lang='lat' dir='ltr'><strong>illas</strong></span> <span class='ocrx_word' id='word_1_287' title='bbox 1610 3776 1843 3841; x_wconf 85' lang='lat' dir='ltr'><strong>cappas</strong></span> <span class='ocrx_word' id='word_1_288' title='bbox 1868 3754 1921 3840; x_wconf 78' lang='lat'><strong>³)</strong></span> <span class='ocrx_word' id='word_1_289' title='bbox 1972 3777 2128 3840; x_wconf 86' lang='lat' dir='ltr'><strong>quas</strong></span> <span class='ocrx_word' id='word_1_290' title='bbox 2185 3755 2467 3822; x_wconf 86' lang='lat' dir='ltr'><strong>reddere</strong></span> <span class='ocrx_word' id='word_1_291' title='bbox 2512 3756 2775 3840; x_wconf 79' lang='lat' dir='ltr'><strong>debent,</strong></span> 
     </span>
     <span class='ocr_line' id='line_1_35' title="bbox 389 3848 2783 3943; baseline 0.003 -27"><span class='ocrx_word' id='word_1_292' title='bbox 389 3873 524 3916; x_wconf 89' lang='lat' dir='ltr'><strong>non</strong></span> <span class='ocrx_word' id='word_1_293' title='bbox 567 3858 976 3916; x_wconf 90' lang='lat' dir='ltr'><strong>commutent.</strong></span> <span class='ocrx_word' id='word_1_294' title='bbox 1065 3848 1348 3917; x_wconf 80' lang='lat' dir='ltr'><strong>Sarciles</strong></span> <span class='ocrx_word' id='word_1_295' title='bbox 1371 3850 1424 3937; x_wconf 73' lang='lat'><strong>⁴)</strong></span> <span class='ocrx_word' id='word_1_296' title='bbox 1468 3852 1781 3940; x_wconf 87' lang='lat' dir='ltr'><strong>accipiant</strong></span> <span class='ocrx_word' id='word_1_297' title='bbox 1818 3854 1917 3917; x_wconf 91' lang='lat' dir='ltr'><strong>illi</strong></span> <span class='ocrx_word' id='word_1_298' title='bbox 1956 3856 2343 3943; x_wconf 85' lang='lat' dir='ltr'><strong>presbyteri,</strong></span> <span class='ocrx_word' id='word_1_299' title='bbox 2392 3858 2503 3942; x_wconf 90' lang='lat' dir='ltr'><strong>qui</strong></span> <span class='ocrx_word' id='word_1_300' title='bbox 2538 3857 2783 3923; x_wconf 88' lang='lat' dir='ltr'><strong>ibidem</strong></span> 
     </span>
     <span class='ocr_line' id='line_1_36' title="bbox 391 3950 2781 4043; baseline 0.005 -30"><span class='ocrx_word' id='word_1_301' title='bbox 391 3950 460 4015; x_wconf 88' lang='lat' dir='ltr'><strong>in</strong></span> <span class='ocrx_word' id='word_1_302' title='bbox 489 3950 680 4015; x_wconf 91' lang='lat' dir='ltr'><strong>domo</strong></span> <span class='ocrx_word' id='word_1_303' title='bbox 731 3950 986 4016; x_wconf 88' lang='lat' dir='ltr'><strong>assidue</strong></span> <span class='ocrx_word' id='word_1_304' title='bbox 1029 3950 1432 4017; x_wconf 86' lang='lat' dir='ltr'><strong>deserviunt:</strong></span> <span class='ocrx_word' id='word_1_305' title='bbox 1477 3952 1658 4017; x_wconf 89' lang='lat' dir='ltr'><strong>etilli</strong></span> <span class='ocrx_word' id='word_1_306' title='bbox 1702 3953 1955 4019; x_wconf 84' lang='lat' dir='ltr'><strong>diaconi</strong></span> <span class='ocrx_word' id='word_1_307' title='bbox 1998 3964 2247 4043; x_wconf 89' lang='lat' dir='ltr'><strong>septem</strong></span> <span class='ocrx_word' id='word_1_308' title='bbox 2290 3958 2399 4041; x_wconf 91' lang='lat' dir='ltr'><strong>qui</strong></span> <span class='ocrx_word' id='word_1_309' title='bbox 2443 3958 2511 4022; x_wconf 91' lang='lat' dir='ltr'><strong>in</strong></span> <span class='ocrx_word' id='word_1_310' title='bbox 2555 3979 2781 4024; x_wconf 86' lang='lat' dir='ltr'><strong>eorum</strong></span> 
     </span>
    </p>
   </div>
   <div class='ocr_carea' id='block_1_5' title="bbox 391 4105 718 4113">
    <p class='ocr_par' dir='ltr' id='par_1_7' title="bbox 391 4105 718 4113">
     <span class='ocr_line' id='line_1_37' title="bbox 391 4105 718 4113; baseline 0 871"><span class='ocrx_word' id='word_1_311' title='bbox 391 4105 718 4113; x_wconf 95' lang='lat' dir='ltr'><strong> </strong></span> 
     </span>
    </p>
   </div>
   <div class='ocr_carea' id='block_1_6' title="bbox 719 4104 790 4111">
    <p class='ocr_par' dir='ltr' id='par_1_8' title="bbox 719 4104 790 4111">
     <span class='ocr_line' id='line_1_38' title="bbox 719 4104 790 4111; baseline 0.014 -1"><span class='ocrx_word' id='word_1_312' title='bbox 719 4104 790 4111; x_wconf 66' lang='lat'><strong>...-</strong></span> 
     </span>
    </p>
   </div>
   <div class='ocr_carea' id='block_1_7' title="bbox 398 4189 2783 4445">
    <p class='ocr_par' dir='ltr' id='par_1_9' title="bbox 398 4189 2783 4445">
     <span class='ocr_line' id='line_1_39' title="bbox 594 4189 2783 4269; baseline 0.003 -20"><span class='ocrx_word' id='word_1_313' title='bbox 594 4194 648 4264; x_wconf 94' lang='lat'><strong>1)</strong></span> <span class='ocrx_word' id='word_1_314' title='bbox 685 4200 757 4251; x_wconf 84' lang='lat' dir='ltr'><strong>al.</strong></span> <span class='ocrx_word' id='word_1_315' title='bbox 795 4213 828 4249; x_wconf 86' lang='lat' dir='ltr'><strong>a</strong></span> <span class='ocrx_word' id='word_1_316' title='bbox 864 4196 984 4251; x_wconf 88' lang='lat' dir='ltr'><strong>Deo</strong></span> <span class='ocrx_word' id='word_1_317' title='bbox 1021 4196 1250 4267; x_wconf 84' lang='lat' dir='ltr'><strong>acquiri.</strong></span> <span class='ocrx_word' id='word_1_318' title='bbox 1481 4198 1537 4268; x_wconf 73' lang='lat'><strong>2)</strong></span> <span class='ocrx_word' id='word_1_319' title='bbox 1574 4202 1648 4253; x_wconf 79' lang='lat' dir='ltr'><strong>al.</strong></span> <span class='ocrx_word' id='word_1_320' title='bbox 1683 4214 1815 4267; x_wconf 84' lang='lat' dir='ltr'><strong>pars</strong></span> <span class='ocrx_word' id='word_1_321' title='bbox 1855 4198 2097 4253; x_wconf 82' lang='lat' dir='ltr'><strong>dimidia.</strong></span> <span class='ocrx_word' id='word_1_322' title='bbox 2324 4199 2379 4269; x_wconf 82' lang='lat'><strong>3)</strong></span> <span class='ocrx_word' id='word_1_323' title='bbox 2415 4189 2489 4254; x_wconf 74' lang='lat' dir='ltr'><strong>al.</strong></span> <span class='ocrx_word' id='word_1_324' title='bbox 2529 4202 2591 4253; x_wconf 87' lang='lat' dir='ltr'><strong>et</strong></span> <span class='ocrx_word' id='word_1_325' title='bbox 2623 4217 2783 4255; x_wconf 80' lang='lat' dir='ltr'><strong>unus·</strong></span> 
     </span>
     <span class='ocr_line' id='line_1_40' title="bbox 398 4280 2781 4367; baseline 0.001 -30"><span class='ocrx_word' id='word_1_326' title='bbox 398 4280 628 4352; x_wconf 84' lang='lat' dir='ltr'><strong>quisque</strong></span> <span class='ocrx_word' id='word_1_327' title='bbox 667 4283 803 4338; x_wconf 87' lang='lat' dir='ltr'><strong>cleri</strong></span> <span class='ocrx_word' id='word_1_328' title='bbox 838 4283 1070 4367; x_wconf 60' lang='lat' dir='ltr'><strong>senioq&#39;s</strong></span> <span class='ocrx_word' id='word_1_329' title='bbox 1109 4284 1268 4338; x_wconf 85' lang='lat' dir='ltr'><strong>annis</strong></span> <span class='ocrx_word' id='word_1_330' title='bbox 1305 4284 1537 4355; x_wconf 83' lang='lat' dir='ltr'><strong>singulis</strong></span> <span class='ocrx_word' id='word_1_331' title='bbox 1575 4290 1693 4341; x_wconf 83' lang='lat' dir='ltr'><strong>tres</strong></span> <span class='ocrx_word' id='word_1_332' title='bbox 1728 4286 2020 4355; x_wconf 81' lang='lat' dir='ltr'><strong>campsiles</strong></span> <span class='ocrx_word' id='word_1_333' title='bbox 2059 4286 2361 4357; x_wconf 80' lang='lat' dir='ltr'><strong>accipiunt,</strong></span> <span class='ocrx_word' id='word_1_334' title='bbox 2400 4291 2461 4340; x_wconf 91' lang='lat' dir='ltr'><strong>et</strong></span> <span class='ocrx_word' id='word_1_335' title='bbox 2492 4287 2781 4356; x_wconf 77' lang='lat' dir='ltr'><strong>unusquis-</strong></span> 
     </span>
     <span class='ocr_line' id='line_1_41' title="bbox 399 4370 2779 4445; baseline 0.002 -21"><span class='ocrx_word' id='word_1_336' title='bbox 399 4387 505 4440; x_wconf 86' lang='lat' dir='ltr'><strong>que</strong></span> <span class='ocrx_word' id='word_1_337' title='bbox 539 4370 676 4425; x_wconf 85' lang='lat' dir='ltr'><strong>cleri</strong></span> <span class='ocrx_word' id='word_1_338' title='bbox 710 4370 942 4425; x_wconf 86' lang='lat' dir='ltr'><strong>iunioris</strong></span> <span class='ocrx_word' id='word_1_339' title='bbox 978 4372 1134 4427; x_wconf 86' lang='lat' dir='ltr'><strong>annis</strong></span> <span class='ocrx_word' id='word_1_340' title='bbox 1171 4372 1414 4443; x_wconf 86' lang='lat' dir='ltr'><strong>singulas</strong></span> <span class='ocrx_word' id='word_1_341' title='bbox 1452 4372 1589 4427; x_wconf 85' lang='lat' dir='ltr'><strong>duas</strong></span> <span class='ocrx_word' id='word_1_342' title='bbox 1626 4374 1917 4443; x_wconf 82' lang='lat' dir='ltr'><strong>campsiles</strong></span> <span class='ocrx_word' id='word_1_343' title='bbox 1954 4372 2250 4445; x_wconf 86' lang='lat' dir='ltr'><strong>accipiunt.</strong></span> <span class='ocrx_word' id='word_1_344' title='bbox 2298 4414 2303 4418; x_wconf 87' lang='lat'><em>-</em></span> <span class='ocrx_word' id='word_1_345' title='bbox 2448 4376 2505 4445; x_wconf 84' lang='lat'><strong>4)</strong></span> <span class='ocrx_word' id='word_1_346' title='bbox 2548 4377 2625 4429; x_wconf 82' lang='lat' dir='ltr'><strong>al.</strong></span> <span class='ocrx_word' id='word_1_347' title='bbox 2660 4391 2779 4429; x_wconf 88' lang='lat' dir='ltr'><strong>can-</strong></span> 
     </span>
    </p>
   </div>
   <div class='ocr_carea' id='block_1_8' title="bbox 393 4456 1462 4531">
    <p class='ocr_par' dir='ltr' id='par_1_10' title="bbox 393 4456 1462 4531">
     <span class='ocr_line' id='line_1_42' title="bbox 393 4456 1462 4531; baseline 0.007 -22"><span class='ocrx_word' id='word_1_348' title='bbox 393 4456 540 4527; x_wconf 83' lang='lat' dir='ltr'><strong>siles‚</strong></span> <span class='ocrx_word' id='word_1_349' title='bbox 578 4460 829 4513; x_wconf 76' lang='lat' dir='ltr'><strong>dicuntur</strong></span> <span class='ocrx_word' id='word_1_350' title='bbox 865 4463 926 4512; x_wconf 76' lang='lat' dir='ltr'><strong>in</strong></span> <span class='ocrx_word' id='word_1_351' title='bbox 962 4461 1332 4531; x_wconf 72' lang='lat' dir='ltr'><strong>Andeyavemi</strong></span> <span class='ocrx_word' id='word_1_352' title='bbox 1366 4480 1462 4516; x_wconf 74' lang='lat' dir='ltr'><strong>ms.</strong></span> 
     </span>
    </p>
   </div>
   <div class='ocr_carea' id='block_1_9' title="bbox 2938 40 2946 4239">
    <p class='ocr_par' dir='ltr' id='par_1_11' title="bbox 2938 40 2946 4239">
     <span class='ocr_line' id='line_1_43' title="bbox 2938 40 2946 4239; baseline 0 0"><span class='ocrx_word' id='word_1_353' title='bbox 2938 40 2946 4239; x_wconf 95' lang='lat' dir='ltr'><strong> </strong></span> 
     </span>
    </p>
   </div>
  </div>
 </body>
</html>
