2959 4984
437 302 510 357 48

990 307 1108 358 VII.
1185 306 1639 359 CAPITULARE
1676 304 2297 361 EconmtAS'rlcUM

703 465 870 521 Cone.
907 466 1028 523 Nic.
1067 484 1186 522 can.
1225 468 1276 523 5.
1314 468 1400 523 De
1433 468 1523 523 his
1558 469 1653 537 qui
1688 469 2238 527 excommunicantur
2252 514 2267 539 ,
2300 471 2417 527 sive
2450 472 2669 541 Clerici,
2706 472 2824 526 sive

629 551 778 617 laici,
814 554 884 606 ab
919 554 1212 623 Episcopis
1245 572 1347 623 per
1379 572 1506 609 suas
1548 572 1793 625 quasque
1822 558 2133 627 parochias,
2169 563 2423 613 servetur
2455 560 2567 612 ista
2602 563 2823 613 senten-

625 638 733 706 tia,
785 644 849 693 ut
880 640 924 693 ii
964 640 1060 708 qui
1112 641 1183 693 ab
1221 640 1339 695 aliis
1388 642 1934 696 excommunicantur
1952 684 1965 710 ,
2028 644 2098 697 ab
2152 644 2274 697 aliis
2308 662 2423 699 non
2460 644 2823 713 recipiantur.

626 726 966 795 Requiratur
1001 744 1130 781 sane
1169 746 1240 781 ne
1277 728 1423 781 forte
1459 746 1563 797 pro
1601 730 1786 799 aliqua
1836 728 2218 800 indignatione
2256 732 2427 785 animi
2461 735 2562 785 aut
2596 735 2823 785 conten-

624 814 777 868 tione
794 853 807 879 ,
857 818 954 868 aut
991 814 1236 883 qualibet
1269 815 1374 869 tali
1409 816 1779 869 commotione
1818 818 2217 872 stomachantis
2259 818 2558 887 Episcopi,
2616 818 2823 872 abiecti

627 902 754 956 sint.
791 903 869 956 Ut
891 920 1042 976 ,ergo
1077 904 1216 959 haec
1255 904 1425 973 digna
1457 905 1675 972 possint
1712 905 2119 960 examinatione
2154 906 2405 974 perquiri
2438 909 2659 959 rectum
2698 921 2821 957 esse

625 988 804 1043 visum
854 994 942 1044 est
986 1008 1087 1059 per
1123 992 1368 1061 singulos
1411 1008 1587 1046 annos
1634 992 1695 1045 in
1742 992 1974 1062 singulis
2032 993 2343 1061 quibusque
2382 992 2691 1062 provinciis
2728 990 2816 1044 bis

623 1076 681 1129 in
715 1093 858 1131 anno
893 1076 1300 1149 Episcoporum
1335 1078 1587 1133 Concilio,
1616 1078 1741 1133 fieri
1760 1120 1773 1147 ,
1824 1084 1891 1133 ut
1934 1080 2097 1134 simul
2145 1096 2335 1135 omnes
2384 1080 2446 1133 in
2480 1096 2655 1133 unum
2686 1096 2820 1132 con-

623 1163 910 1219 venientes
971 1181 1041 1218 ex
1087 1166 1345 1221 universa
1391 1166 1683 1235 provincia
1698 1207 1713 1234 ,
1768 1166 2043 1223 eiusmodi
2092 1168 2409 1221 examinent
2443 1166 2821 1235 quaestiones3

623 1254 685 1304 ut
723 1250 804 1305 ita
839 1251 1058 1305 demum
1095 1254 1190 1321 qui
1225 1254 1298 1307 ob
1335 1253 1527 1322 culpas
1564 1270 1689 1308 suas
1710 1252 2115 1323 Episcoporum
2148 1270 2375 1309 suorum
2408 1252 2677 1307 offensam
2706 1269 2820 1305 me·

621 1338 734 1391 rito
772 1339 1152 1394 contraxerint
1173 1380 1186 1407 ,
1239 1340 1406 1411 digne
1465 1341 1633 1395 etiam
1682 1357 1717 1393 a
1763 1342 1997 1395 caeteris
2052 1340 2514 1397 excommunicati
2556 1339 2819 1393 similiter

621 1424 932 1480 habeantur
951 1466 968 1493 ,
1027 1444 1311 1497 usquequo
1359 1428 1449 1482 vel
1496 1428 1556 1481 in
1607 1445 1896 1483 commune
1950 1429 2203 1483 omnibus
2256 1428 2345 1482 vel
2379 1428 2489 1497 ipsi
2526 1426 2817 1495 Episcopo

622 1529 720 1565 suo
757 1512 927 1567 fuerit
958 1515 1134 1568 visum
1169 1513 1553 1569 humaniorem
1590 1514 1739 1569 circa
1774 1531 1867 1569 eos
1902 1520 2096 1569 tenere
2134 1514 2482 1569 sententiam.
2552 1512 2819 1583 Agantur

621 1602 806 1653 autem
843 1600 1116 1670 (Bononia,
1175 1602 1345 1655 semel
1384 1602 1607 1669 quidem
1654 1605 1781 1655 ante
1816 1602 1933 1655 dies
1972 1600 2470 1671 Quadragesimae3
2530 1604 2599 1653 ut
2636 1598 2815 1653 omni-

620 1688 722 1741 bus
737 1728 752 1755 ,
811 1690 860 1741 si
893 1706 1034 1757 quae
1067 1695 1220 1757 sunt,
1281 1690 1655 1745 simultatibus
1702 1691 2001 1761 amputatis
2024 1734 2038 1757 ‚
2102 1691 2369 1745 mundum
2402 1690 2521 1743 Deo
2560 1689 2815 1743 solemne

619 1792 816 1831 munus
851 1778 1030 1845 possit
1071 1777 1275 1831 offerri.
1329 1778 1585 1833 Secundo
1618 1796 1753 1833 vero
1788 1782 2027 1849 agantur
2060 1780 2213 1833 circa
2248 1777 2499 1833 autumni
2537 1781 2780 1845 tempus.

691 1872 853 1928 Cone.
887 1876 1148 1929 Antioch.
1185 1892 1307 1931 can.
1347 1878 1398 1930 2.
1459 1876 1587 1931 Non
1624 1881 1813 1930 autem
1849 1876 2019 1931 liceat
2054 1875 2459 1929 communicare
2494 1889 2813 1927 excommu—

617 1960 818 2013 nicatis
839 2000 854 2027 ‚
909 1979 1088 2030 neque
1123 1979 1225 2031 per
1257 1963 1452 2017 domos
1492 1962 1743 2033 ingredi,
1792 1967 1850 2017 et
1896 1980 2023 2018 cum
2070 1962 2151 2016 eis
2188 1979 2349 2016 orare
2384 1960 2480 2029 qui
2514 1959 2813 2013 Ecclesiae

619 2066 730 2102 non
765 2050 1123 2121 participant,
1158 2068 1336 2119 neque
1371 2051 1431 2104 in
1465 2052 1701 2105 alteram
1720 2049 2031 2105 Ecclesiam
2064 2050 2243 2119 recipi
2266 2049 2362 2119 qui
2396 2048 2465 2101 ab
2487 2046 2596 2099 alia
2622 2063 2815 2115 segre-

617 2142 833 2207 gantur.
907 2138 1068 2206 Quod
1106 2140 1154 2192 si
1188 2140 1337 2193 visus
1389 2138 1559 2192 fuerit
1607 2138 1845 2207 quilibet
1875 2137 2287 2207 Episcoporum
2320 2134 2409 2189 vel
2442 2134 2813 2201 Presbytero-

615 2242 754 2292 rum,
790 2231 886 2279 aut
919 2226 1293 2281 Diaconorum
1309 2266 1322 2293 ,
1374 2228 1464 2279 vel
1504 2226 1673 2279 etiam
1722 2226 1844 2293 quis
1898 2224 1957 2277 in
2002 2240 2209 2278 canone
2248 2222 2505 2276 detentus
2524 2261 2537 2288 ,
2587 2238 2815 2275 excom-

614 2314 906 2368 municatis
943 2315 1380 2383 communicare,
1429 2318 1488 2368 et
1520 2314 1667 2368 hunc
1704 2315 1928 2381 oportet
1966 2310 2353 2366 communione
2390 2306 2633 2378 privari,
2692 2313 2817 2361 tan-

619 2418 780 2469 quam
817 2400 1102 2456 Ecclesiae
1135 2403 1354 2471 regulas
1389 2400 1841 2455 confundentem.

687 2496 826 2551 Ibid.
868 2516 987 2553 can.
1021 2500 1071 2553 6.
1111 2498 1168 2552 Si
1207 2498 1330 2567 quis
1371 2512 1404 2550 a
1438 2496 1667 2566 proprio
1700 2496 1982 2565 Episcopo
2016 2491 2521 2548 excommunicatus
2557 2492 2665 2557 est,
2702 2506 2818 2543 non

619 2600 745 2637 eum
773 2585 930 2653 prius
983 2586 1054 2639 ab
1113 2586 1234 2639 aliis
1271 2586 1478 2638 debere
1516 2584 1756 2653 suscipi,
1810 2582 1919 2637 nisi
1968 2599 2003 2635 a
2038 2598 2137 2635 suo
2173 2580 2345 2635 fuerit
2378 2580 2641 2646 receptus
2682 2574 2819 2645 Epi-

617 2686 804 2739 scopo,
840 2675 938 2725 aut
973 2672 1220 2727 Concilio
1257 2672 1407 2725 facto
1443 2676 1703 2725 occurrat
1744 2674 1804 2724 et
1836 2669 2188 2739 respondeat.
2270 2666 2349 2721 Et
2386 2666 2436 2721 si
2472 2662 2691 2732 synodo
2734 2680 2817 2717 sa·

617 2754 908 2825 tisfeoerit,
944 2762 1004 2812 et
1043 2758 1316 2825 statuerit,
1355 2758 1457 2811 sub
1489 2757 1599 2811 alia
1632 2757 1911 2813 sententia
1934 2756 2110 2825 recipi
2133 2758 2407 2824 oportere.
2448 2750 2612 2819 Quod
2640 2751 2815 2805 etiam

619 2843 768 2897 circa
808 2844 997 2910 laicos,
1029 2848 1088 2899 et
1121 2844 1482 2913 Presbyteros
1518 2848 1576 2898 et
1592 2844 1889 2910 Diaconos,
1922 2848 1979 2897 et
2016 2858 2204 2897 omnes
2241 2840 2337 2911 qui
2371 2839 2431 2892 in
2459 2838 2622 2893 Clero
2664 2842 2819 2904 sunt,

618 2931 878 2983 convenit
913 2932 1211 2986 observari.

689 3024 850 3079 Cone.
889 3025 1098 3081 Sardio.
1135 3043 1254 3081 can.
1293 3027 1378 3082 16.
1412 3025 1618 3081 Hosius
1649 3024 1959 3094 Episcopus
1998 3022 2168 3077 dixit:
2222 3020 2344 3075 Hoc
2381 3036 2600 3089 quoque
2638 3020 2819 3073 omni-

612 3110 714 3163 bus
753 3113 987 3181 placeat,
1028 3119 1092 3167 ut
1125 3114 1239 3168 sive
1273 3113 1601 3181 Presbyter,
1641 3113 1755 3167 sive
1790 3112 2087 3179 Diaconus,
2128 3110 2241 3163 sive
2283 3108 2405 3177 quis
2442 3106 2815 3175 Clericorum,

612 3198 684 3251 ab
709 3198 988 3269 Episcopo
1029 3218 1127 3256 suo
1166 3201 1550 3256 communione
1589 3199 1758 3253 fuerit
1796 3198 2064 3269 privatus,
2102 3201 2160 3251 et
2196 3198 2267 3250 ad
2304 3196 2541 3249 alterum
2568 3192 2810 3263 Episco-

611 3302 745 3353 pum
781 3290 1123 3356 perrexerit,
1179 3295 1236 3343 et
1273 3288 1462 3345 scierit
1497 3288 1573 3354 ie,
1612 3286 1683 3341 ad
1720 3302 1885 3355 quem
1926 3284 2208 3353 confugit,
2256 3298 2385 3336 eum
2420 3281 2491 3335 ab
2524 3280 2819 3351 Episcopo

609 3388 708 3426 suo
766 3372 934 3428 fuisse
985 3376 1264 3430 abiectum
1283 3417 1296 3444 ,
1347 3394 1462 3430 non
1512 3377 1736 3443 oportet
1785 3378 1851 3427 ut
1898 3373 1951 3427 ei
1998 3370 2442 3426 communionem
2494 3368 2813 3438 indulgeat.

613 3458 773 3525 Quod
809 3461 858 3515 si
887 3461 1116 3528 fecerit,
1159 3464 1300 3518 sciat
1333 3480 1392 3517 se
1428 3461 1744 3517 convocatis
1779 3459 2073 3529 Episcopis
2115 3475 2305 3513 causas
2342 3474 2463 3511 esse
2498 3454 2809 3509 dicturum.

610 3544 864 3600 Universi
905 3548 1190 3617 dixerunt3
1245 3548 1366 3603 Hoc
1403 3552 1675 3603 statutum
1710 3550 1769 3601 et
1800 3562 1996 3617 pacem
2036 3544 2279 3599 servabit
2300 3585 2315 3611 ‚
2352 3547 2411 3597 et
2444 3543 2812 3597 concordiam

613 3632 906 3687 custodiet.

1350 3802 1871 3861 EPISGOPIS.

581 3926 671 3992 II.
757 3926 925 3993 Item
971 3928 1139 3991 enim
1181 3926 1378 3993 habet
1417 3926 1487 3992 in
1530 3928 1763 3995 eodem
1810 3929 2115 4010 concilio,
2175 3936 2250 3992 ut
2292 3948 2517 3991 eorum
2564 3927 2683 4009 qui
2734 3926 2817 3991 ad

417 4025 850 4091 ordinandum
890 4028 1190 4111 veniunt,
1255 4028 1421 4093 fides
1471 4037 1537 4091 et
1577 4029 1706 4093 vita
1750 4030 1929 4118 prius
1976 4032 2055 4094 ab
2103 4028 2406 4117 episcopo
2454 4024 2821 4111 diligenter

417 4124 812 4208 discutiatur,
858 4137 922 4191 et
961 4127 1052 4192 sic
1093 4128 1491 4194 ordinentur.

688 4282 854 4336 Cone.
895 4280 1018 4335 Nic.
1059 4298 1178 4335 can.
1219 4285 1270 4337 9.
1327 4280 1386 4335 Si
1419 4282 1517 4350 qui
1568 4282 1685 4335 sine
1721 4281 2127 4337 examinatione
2164 4278 2415 4350 provecti
2462 4281 2595 4331 sunt
2646 4278 2821 4334 Pres-

609 4370 811 4437 byteri,
845 4373 903 4423 et
931 4366 1227 4423 examinati
1255 4367 1493 4421 confessi
1530 4372 1661 4423 sunt
1699 4372 1931 4437 peccata
1967 4384 2080 4436 sua,
2115 4373 2174 4423 et
2211 4384 2339 4423 cum
2372 4364 2618 4421 confessi
2656 4371 2819 4432 sunt,

612 4460 808 4509 contra
844 4457 1096 4527 regulam
1131 4458 1416 4513 venientes
1463 4456 1713 4511 homines
1762 4472 1954 4511 manus
2003 4457 2085 4511 eis
2146 4462 2359 4512 temere
2396 4455 2816 4523 imposuerunt,
