2959 4984
478 324 549 379 50
1020 326 1141 378 VII.
1205 326 1515 379 CAPITUL
1523 328 1661 379 ΑΒΕ
1698 328 2317 383 EOOLESIASTIGUM

1457 492 1897 550 OMNIBUS.

643 612 727 675 V.
808 612 978 677 Item
1021 613 1091 677 in
1135 614 1370 679 eodem
1410 614 1707 697 concilio,
1751 637 1867 680 seu
1914 615 1982 679 in
2029 615 2307 681 decretis
2350 614 2567 704 Papae
2611 618 2869 701 Leonis,

471 732 726 777 necnon
791 720 856 775 et
908 712 978 776 in
1017 714 1362 780 canonibus
1406 736 1570 800 quae
1612 715 1911 781 dicuntur
1950 716 2439 802 apostolorum,
2490 718 2653 783 sicut
2702 728 2767 783 et
2804 719 2869 784 in

475 812 627 898 lege
685 812 828 900 ipse
877 813 1196 880 Dominus
1249 816 1599 905 praecipit,
1670 816 1931 881 omnino
1976 814 2271 882 omnibus
2314 818 2735 884 interdictum
2776 829 2867 883 est

474 912 557 977 ad
599 937 858 979 usuram
900 916 1145 1002 aliquid
1191 916 1364 1007 dare.

748 1051 914 1107 Cone.
950 1052 1066 1107 Nic.
1106 1070 1227 1107 can.
1269 1053 1352 1107 17.
1423 1050 1695 1118 Quoniam
1727 1052 1888 1106 multi
1925 1052 2126 1107 Clerici
2174 1053 2441 1108 avaritiae
2482 1071 2649 1108 causa
2685 1054 2869 1125 turpia

671 1139 827 1195 lucra
865 1144 1161 1207 sectantes,
1201 1140 1472 1208 oblitique
1510 1138 1685 1193 divini
1719 1140 2007 1211 praecepti
2041 1140 2193 1210 quod
2231 1142 2393 1196 dicit:
2451 1146 2553 1208 Qui
2592 1148 2869 1215 pecuniam

665 1250 821 1284 suam
859 1250 964 1284 non
999 1231 1145 1283 dedit
1180 1232 1252 1283 ad
1282 1248 1504 1284 usuram
1527 1271 1539 1293 ‚
1594 1228 1942 1283 faenerantes
1981 1229 2310 1284 centesimas
2353 1230 2619 1301 exigunt,
2682 1232 2870 1284 statuit

666 1315 774 1371 hoc
809 1320 1062 1371 sanctum
1099 1314 1406 1369 Concilium
1431 1354 1443 1382 ,
1484 1319 1550 1368 ut
1586 1315 1633 1369 si
1676 1315 1798 1383 quis
1837 1316 2095 1372 inventus
2132 1316 2301 1372 fuerit
2336 1322 2465 1386 post
2499 1317 2642 1372 hanc
2684 1316 2866 1373 defini-

668 1403 882 1458 tionem
927 1420 1120 1457 usuras
1173 1401 1430 1473 accipere
1449 1445 1462 1469 ‚
1523 1403 1610 1456 vel
1655 1420 1725 1456 ex
1764 1403 2015 1471 quolibet
2064 1404 2166 1458 tali
2216 1404 2446 1474 negotio
2487 1406 2679 1475 turpia
2719 1406 2866 1460 lucra

669 1491 889 1556 sectari,
926 1491 1015 1545 vel
1052 1490 1219 1545 etiam
1255 1491 1469 1561 species
1508 1490 1731 1559 frugum
1767 1491 1840 1545 ad
1876 1492 2199 1561 sexcuplum
2231 1491 2385 1559 dare,
2422 1492 2601 1547 omnis
2632 1493 2731 1561 qui
2760 1492 2865 1545 tale

647 1578 879 1661 ‚aliquid
924 1583 1271 1633 commentus
1323 1578 1495 1631 fuerit-
1542 1576 1615 1631 ad
1668 1583 1963 1647 quaestum
1982 1621 1996 1645 ,
2052 1578 2415 1635 abscindatur
2466 1596 2536 1633 ex
2570 1581 2726 1635 clero
2744 1622 2757 1649 ,
2810 1584 2862 1633 et

671 1666 891 1721 alienus
929 1666 998 1721 ab
1037 1666 1416 1721 ecclesiastico
1451 1666 1727 1720 habeatur
1770 1667 1965 1736 gradu.

739 1761 869 1816 Can.
908 1767 1085 1831 apost.
1123 1763 1210 1817 44.
1272 1762 1585 1832 Episcopus
1606 1802 1623 1829 ,
1658 1762 1983 1831 Presbyter,
2018 1765 2117 1817 aut
2150 1762 2431 1818 Diaconus
2467 1780 2667 1819 usuras
2710 1780 2743 1816 a
2782 1764 2866 1817 de·

665 1848 942 1903 bitoribus
980 1849 1224 1918 exigens,
1261 1852 1360 1903 aut
1393 1850 1633 1915 desinat,
1678 1855 1777 1904 aut
1812 1854 1964 1905 certe
2004 1851 2321 1906 damnetur.

1430 2034 1904 2091 EPISCOPIS.

626 2154 746 2220 VI.
831 2156 1152 2221 Auditum
1193 2165 1290 2220 est
1332 2155 1582 2240 aliquos
1623 2156 2019 2243 presbiteros
2062 2156 2320 2223 missam
2372 2156 2745 2238 celebrare,
2806 2165 2861 2221 et

464 2278 597 2321 non
633 2257 1144 2321 communicare:
1194 2255 1368 2341 quod
1399 2255 1659 2321 omnino
1696 2255 1764 2320 in
1796 2255 2143 2322 canonibus
2186 2256 2624 2345 apostolorum
2670 2256 2857 2323 inter-

466 2355 708 2422 dictum
766 2379 907 2423 esse
951 2357 1211 2444 legitur.
1294 2357 1426 2420 Vel
1469 2356 1795 2441 quomodo
1844 2356 2061 2421 dicere
2104 2367 2283 2423 recte
2328 2366 2576 2445 potest,
2637 2358 2693 2421 si
2736 2380 2856 2423 non
2938 2442 2940 2445 Α

461 2458 1054 2541 communicaverit,
1103 2456 1541 2541 Sumpsimus,
1590 2454 1889 2537 Domine,
1932 2458 2389 2523 sacramenta?
2476 2456 2663 2523 Haec
2706 2478 2853 2522 vero
2938 2450 2940 2494 ¹

461 2578 580 2644 per
631 2558 888 2645 singula
945 2557 1225 2645 capitula
1262 2557 1332 2622 in
1376 2556 1625 2621 statutis
1666 2554 1943 2621 Nicoeni
1988 2556 2245 2623 concilii
2289 2558 2517 2643 legere
2561 2557 2850 2645 potestis,
2936 2566 2938 2610 ἱ

461 2678 574 2721 seu
616 2659 686 2722 in
726 2659 866 2723 aliis
909 2667 1274 2723 sanctorum
1313 2665 1570 2745 patrum
1610 2656 2007 2722 sinodalibus
2050 2657 2301 2723 edictis·

726 2794 856 2848 Can.
902 2797 1078 2862 apost.
1116 2794 1166 2847 9.
1203 2791 1262 2846 Si
1305 2791 1427 2860 quis
1467 2790 1797 2861 Episcopus,
1836 2796 1933 2846 aut
1969 2791 2269 2860 Presbyter
2306 2796 2402 2846 aut
2434 2791 2738 2860 Diaconus‚
2773 2791 2853 2845 vel
2933 2834 2934 2844 ,

656 2880 895 2949 quilibet
931 2898 1000 2934 ex
1036 2879 1368 2933 sacerdotali
1415 2878 1671 2949 catalogo
1724 2878 1872 2933 facta
1918 2879 2201 2933 oblatione
2248 2896 2361 2933 non
2420 2880 2848 2935 communicave-

653 2966 783 3035 rit,·
810 2972 908 3021 aut
942 2984 1164 3021 causam
1207 2966 1374 3033 dicat,
1411 2970 1475 3019 ut
1516 2965 1562 3019 si
1600 2966 1888 3019 rationalis
1926 2965 2124 3034 fuerit,
2184 2966 2405 3021 veniam
2454 2971 2853 3035 consequatur;
2931 2948 2932 2960 ¹

654 3057 751 3107 aut
785 3054 832 3107 si
867 3071 980 3108 non
1017 3053 1235 3119 dixerit,
1268 3054 1654 3107 communione
1690 3052 1963 3122 privetur,
2006 3057 2269 3121 tanquam
2310 3054 2404 3123 qui
2439 3054 2649 3123 populo
2690 3068 2846 3109 causa
2929 3054 2930 3075 *

653 3141 913 3193 laesionis
951 3140 1234 3207 extiterit,
1291 3138 1426 3193 dans
1482 3140 1851 3209 suspicionem
1903 3140 1972 3193 de
2022 3157 2088 3193 eo
2136 3141 2230 3209 qui
2280 3138 2613 3196 sacrificavit
2638 3184 2651 3207 ,
2708 3138 2848 3209 quod
2927 3184 2928 3187 ,

654 3231 808 3281 recte
851 3245 962 3282 non
1004 3227 1288 3282 obtulerit.

1461 3413 1867 3471 OMNIBUS.

621 3536 776 3601 VH.
863 3536 942 3601 In
987 3534 1402 3600 Antiocheno
1462 3534 1733 3601 concilio
1752 3584 1771 3617 ,
1837 3530 2012 3620 quod
2079 3535 2180 3601 his
2225 3536 2335 3621 qui
2383 3533 2667 3599 damnati
2716 3536 2852 3597 sunt
2918 3608 2920 3615 Ι

453 3660 490 3701 a
549 3636 800 3723 synodo
844 3637 954 3701 vel
995 3660 1032 3699 a
1075 3658 1190 3700 suo
1236 3635 1585 3723 episcopo,
1629 3644 1695 3699 et
1737 3644 1963 3723 postea
2008 3635 2371 3699 ministrare
2413 3638 2848 3719 praesumunt,
2916 3708 2918 3721 Ι

451 3737 845 3825 praecipitur
899 3746 972 3801 ut
1015 3736 1230 3801 nullus
1277 3734 1513 3801 audeat
1560 3736 1619 3799 ei
1666 3736 2159 3801 communicare.
2252 3732 2327 3801 Si
2374 3733 2517 3819 quis
2562 3756 2722 3799 vero
2774 3752 2841 3794 eo

454 3838 894 3920 communicat,
941 3836 1131 3901 simili
1178 3836 1492 3900 sententia
1540 3836 1863 3901 subiaceat
1911 3836 2076 3901 sicut
2117 3844 2182 3899 et
2228 3834 2581 3899 damnatus

724 3971 891 4026 Cone.
935 3970 1192 4025 Antioch.
1234 3987 1354 4024 can.
1387 3970 1438 4023 4.
1479 3968 1539 4022 Si
1576 3969 1700 4039 quis
1738 3968 2050 4038 Episcopus
2090 3985 2124 4022 a
2158 3968 2386 4038 synode,
2421 3968 2508 4021 vel
2546 3965 2839 4034 Presbyter

645 4058 733 4113 vel
767 4058 1045 4112 Diaconus
1082 4076 1114 4111 a
1149 4057 1378 4125 proprio
1415 4055 1696 4125 Episcopo
1716 4096 1729 4123 ‚
1786 4056 1957 4109 fuerit
1998 4059 2389 4110 exauctoratus
2407 4094 2420 4121 ,
2472 4059 2533 4109 et
2566 4069 2840 4124 praesum-

645 4146 824 4215 pserit
872 4144 1018 4199 sacri
1054 4144 1350 4197 ministerii
1400 4144 1719 4213 quippiam,
1772 4159 1885 4197 non
1942 4144 1995 4196 ei
2030 4143 2264 4214 amplius
2317 4143 2519 4211 liceat,
2580 4158 2761 4210 neque
2794 4138 2844 4191 in

648 4231 758 4285 alia
793 4231 1002 4299 synodo
1039 4248 1195 4300 spem
1231 4228 1601 4284 restitutionis
1638 4230 1846 4284 habere
1863 4271 1876 4298 ,
1934 4248 2113 4300 neque
2150 4228 2473 4284 assertionis
2511 4226 2745 4281 alicuius
2775 4226 2844 4277 lo·

651 4337 804 4387 cum3
858 4320 957 4373 sed
1006 4322 1063 4372 et
1112 4318 1581 4373 communicantes
1619 4318 1697 4385 ei,
1753 4335 1943 4372 omnes
1977 4317 2315 4373 abiiciantur
2350 4318 2419 4372 ab
2453 4316 2743 4382 Ecclesia3
2795 4316 2843 4363 et

649 4406 888 4461 maxime
929 4406 976 4460 si
1013 4410 1307 4476 postquam
1361 4410 1745 4475 cognoverunt
1798 4408 2132 4461 sententiam
2191 4406 2453 4461 adversus
2500 4418 2628 4459 eum
2665 4402 2837 4473 prola·

648 4495 781 4563 tam²
821 4492 872 4545 ei
909 4493 1312 4549 contumaciter
1347 4492 1898 4549 communicaverint.
