2959 4984
269 329 304 343 ⁰·
663 320 756 370 XI.
829 321 1192 372 FRIDERIOI
1227 322 1293 372 Π.
1331 322 1659 375 EDICTUM
1698 324 1760 373 Α.
1798 320 1953 375 1220.
2439 322 2505 377 81

141 479 554 565 predictorum
602 481 968 568 principum
1017 482 1200 546 circa
1241 505 1362 546 nos
1405 483 1847 549 intelleximus
1869 532 1889 565 ,
1942 492 2119 549 tanto
2180 488 2507 555 excellen—

138 582 246 644 tius
282 603 505 645 corum
544 580 940 667 profectibus
980 603 1240 669 semper
1281 582 1676 647 intendimus
1720 583 2116 670 prospicere.

281 683 378 745 11.
464 680 551 744 Et
612 680 913 764 quoniam
967 690 1104 745 acta
1160 681 1496 763 hominum
1540 683 1812 765 oblivio,
1872 684 2128 747 inimica
2172 686 2503 767 memorie,

135 801 240 865 per
276 780 542 866 longam
581 790 946 868 temporum
989 782 1424 846 evolutionem
1450 783 1731 871 sepelire
1762 783 1947 865 solet,
1980 783 2317 867 diligentia
2342 786 2507 871 vigi-

135 880 370 943 lantiori
429 878 714 944 adhibita
775 880 900 944 hec
953 890 1174 944 nostre
1229 883 1448 966 gracie
1511 882 1829 947 beneficia
1885 883 2176 948 ecclesiis
2219 885 2511 972 impensa

133 980 488 1066 perpetuari
529 980 846 1061 volumus,
891 988 1261 1063 statuentes,
1307 990 1380 1045 ut
1423 983 1703 1047 heredes
1745 984 1947 1048 nostri
1990 992 2055 1047 et
2098 1006 2505 1049 successores

137 1080 394 1167 imperio
445 1104 519 1145 ea
557 1092 698 1146 rata
743 1093 1161 1165 conservent,
1223 1094 1290 1147 et
1319 1094 1759 1168 exequantur,
1807 1093 1875 1148 et
1918 1084 2151 1148 faciant
2188 1085 2257 1148 in
2304 1086 2507 1149 subsi-

139 1177 302 1243 dium
343 1181 761 1245 ecclesiarum
804 1206 841 1245 a
885 1183 1064 1247 laicis
1107 1184 1560 1249 universaliter
1605 1185 1954 1249 observari.

284 1280 372 1345 Et
429 1292 502 1345 ut
557 1282 790 1347 futuris
842 1284 1282 1366 innotescant,
1349 1294 1416 1348 et
1476 1309 1515 1347 a
1566 1285 1963 1372 presentium
2030 1308 2163 1350 non
2212 1286 2514 1350 excidant

139 1383 432 1445 memoria
475 1384 610 1447 sive
649 1383 906 1464 noticia,
949 1406 1026 1447 ea
1071 1384 1342 1449 fecimus
1383 1385 1536 1447 huic
1576 1386 1817 1472 pagine
1862 1386 2175 1469 annotari,
2226 1396 2291 1449 et
2331 1387 2513 1473 pagi-

137 1503 268 1543 nam
313 1483 764 1547 subnotatione
809 1484 1140 1547 nominum
1185 1506 1411 1547 corum
1455 1484 1566 1567 qui
1612 1486 2083 1568 interfuerunt,
2148 1486 2513 1573 principum

139 1580 466 1664 videlicet,
514 1592 580 1645 et
619 1583 819 1668 sigilli
861 1584 1062 1647 nostri
1111 1584 1464 1647 munimine
1510 1584 1827 1669 insigniri.
1915 1586 2145 1650 Testes
2188 1586 2279 1650 hii
2324 1595 2513 1649 sunt:

141 1678 406 1747 Sifridus
469 1683 889 1769 Maguntinus
951 1685 1475 1771 archiepiscopus
1496 1734 1514 1767 ,
1578 1685 2023 1751 Theodericus
2086 1685 2509 1751 Treverensis

138 1784 646 1872 archiepiscopus
668 1834 688 1867 ,
733 1785 1174 1870 Engelbertus
1222 1783 1629 1851 Coloniensis
1674 1786 2193 1874 archiepiscopus
2212 1836 2233 1869 ,
2276 1787 2513 1850 Alber-

139 1890 226 1945 tus
265 1883 857 1970 Magdeburgensis
899 1885 1439 1972 archiepiscopuS,
1488 1885 1868 1951 Cuonradus
1908 1887 2221 1951 Metensis
2268 1896 2333 1950 et
2372 1886 2520 1972 Spi-

143 1985 332 2047 rensis
377 1985 718 2072 episcopus
765 1986 1120 2072 imperialis
1165 1987 1311 2049 aule
1355 1985 1772 2049 cancellarius
1800 2034 1819 2066 ,
1862 1986 2223 2053 Eckbertus
2267 1986 2518 2051 Baben-

140 2084 462 2168 bergensis
517 2084 878 2172 episcopm,
929 2084 1310 2149 Cuonradus
1353 2085 1841 2171 Ratis'ponensis
1887 2084 2229 2173 episcopus
2247 2134 2265 2167 ,
2326 2086 2519 2149 Hart-

141 2185 323 2247 wicus
362 2184 742 2249 Eistetensis
781 2186 1120 2273 episcopus
1139 2235 1159 2269 ,
1221 2186 1567 2249 Heinricus
1614 2185 2111 2249 Wormatiensis
2156 2186 2519 2272 episcopuS,

147 2282 287 2348 Otto
325 2285 754 2349 Traiectensis
803 2287 1162 2373 episcopuS,
1205 2285 1650 2350 Theodericus
1694 2285 2223 2349 Monasteriensis
2272 2284 2516 2372 episco—

145 2408 252 2469 pus
273 2434 292 2466 ,
338 2385 538 2469 Hugo
583 2384 968 2449 Leodiensis
1018 2386 1356 2473 episcopus
1375 2434 1394 2467 ,
1440 2384 1901 2471 Engelhardus
1942 2383 2523 2468 Nuvenburgensis

148 2486 494 2573 episcopuS,
534 2485 880 2551 Heinricus
919 2485 1292 2551 Basiliensis
1334 2485 1701 2572 episcopuS,
1754 2484 1839 2549 H.
1868 2532 1882 2547 .
1909 2532 1923 2547 .
1966 2481 2519 2568 Havelbergensis
2598 2495 2606 2503 ·

147 2586 493 2674 episcopuS,
543 2595 609 2650 et
652 2586 762 2650 alii
806 2608 996 2671 quam
1045 2586 1286 2672 plureS.

305 2683 614 2772 [Signum
659 2686 904 2750 domini
951 2684 1266 2749 Friderici
1310 2683 1579 2749 secundi
1620 2684 2061 2749 Romanorum
2110 2681 2287 2767 regis
2327 2681 2523 2745 invic-

147 2785 355 2847 tissimi
397 2794 463 2848 et
505 2785 683 2870 regis
727 2782 1001 2869 Sicilia]

295 2884 438 2969 Ego
471 2883 902 2949 Chuonradus
936 2883 1249 2947 Metensis
1291 2892 1359 2945 et
1386 2880 1718 2969 Spirensis
1764 2881 2127 2969 episcopm,
2170 2878 2521 2968 imperialis

153 2984 282 3047 aule
339 2984 758 3048 cancellarius
774 3033 795 3066 ,
861 2984 1000 3047 vice
1061 2982 1303 3047 domini
1363 2979 1647 3068 [Sifridi]
1694 2981 2061 3065 Maguntini
2112 2978 2521 3067 [Maguntine

151 3083 328 3173 sedis]
359 3084 826 3171 archiepiscopi
855 3092 918 3147 et
945 3083 1144 3146 tocius
1173 3081 1527 3147 Germanic
1556 3080 2121 3163 archicancellarii,
2146 3079 2520 3165 recognovi.

301 3186 464 3250 Acta
502 3193 652 3248 sunt
692 3184 815 3247 hec
858 3205 1024 3247 anno
1071 3182 1391 3247 dominice
1435 3180 1899 3245 incarnacionis
1950 3179 2131 3243 1220.
2168 3179 2519 3244 indictione

154 3286 206 3348 9.
230 3294 536 3372 regnante
573 3283 834 3349 domino
857 3282 912 3347 F
912 3282 1191 3346 riderico
1222 3281 1507 3345 secundo
1538 3281 1975 3346 Romanorum
2008 3289 2072 3343 ct
2104 3277 2329 3344 Sicilie
2356 3300 2517 3363 rege

153 3385 449 3467 glori0s03
498 3407 667 3449 anno
709 3383 898 3468 regni
943 3383 1079 3447 eius
1124 3381 1190 3445 in
1239 3379 1592 3445 Germania
1635 3380 1695 3461 8,
1746 3380 1812 3444 in
1855 3378 2081 3446 Sicilia
2121 3401 2277 3444 vero
2322 3380 2423 3442 23.

299 3486 540 3550 Datum
583 3484 758 3572 apud
800 3482 1238 3547 Frankenfort
1279 3482 1339 3545 6.
1375 3480 1551 3563 Maii,
1596 3479 1949 3545 indictione
1993 3479 2369 3567 prescripta.

203 3700 310 3766 XI.
391 3700 826 3767 Friderici
873 3698 963 3765 ΙΙ.
1011 3698 1389 3764 edictum
1433 3705 1750 3763 contra
1792 3705 2135 3763 statuta
2179 3696 2460 3760 eccle-

263 3802 680 3867 siasticae
735 3798 1152 3865 libertati
1220 3798 1947 3885 praeiudicantia
2004 3822 2057 3861 a.
2103 3795 2267 3860 1220
2298 3796 2385 3878 *).

303 3952 693 4017 Fredericus
735 3950 866 4015 Dei
926 3949 1132 4035 gratia
1170 3948 1611 4012 Romanorum
1653 3970 1777 4011 rex
1818 3968 2076 4033 semper
2114 3954 2425 4030 augustus
2470 3952 2534 4008 et

159 4074 265 4117 rex
304 4052 556 4135 Sicilie,
615 4050 1039 4139 potestatibus
1058 4098 1078 4131 ,
1129 4047 1500 4113 consulibus
1547 4070 1621 4109 ac
1666 4046 2223 4111 communitatibus
2269 4046 2530 4109 univcr-

161 4176 350 4220 sarum
407 4154 735 4219 civitatum
800 4160 865 4215 ct
911 4158 1264 4215 castrorum
1307 4146 1545 4211 Ytalie.
1648 4146 1814 4213 Cum
1860 4147 2010 4210 dive
2058 4144 2368 4210 memorie
2412 4145 2527 4209 im-

333 4401 386 4471 *)
425 4399 518 4455 Ex
554 4397 801 4453 editione
836 4395 986 4465 apud
1020 4390 1186 4448 Pertz
1219 4392 1354 4459 Leg.
1392 4390 1550 4445 Tom.
1580 4390 1633 4443 Π
1689 4408 1742 4457 p.
1781 4389 1903 4443 238.
1941 4387 2082 4442 Vide
2100 4388 2397 4442 Lehrbuch
2434 4390 2533 4442 des

153 4485 564 4545 Kirchenrechts
601 4489 649 4549 ἓ.
690 4486 814 4539 108.

211 4579 374 4621 Walter
409 4578 581 4620 Fontes
618 4577 736 4619 iuris
767 4574 1082 4617 ecclesiastici
2068 4564 2101 4615 6
