2959 4984
379 293 486 348 246
707 288 1334 346 XXXV111.BULLA
1373 289 1517 340 PRO
1552 288 1799 340 REGNO
1836 287 2238 342 BORUSSICO
2276 289 2341 338 A.
2382 284 2535 340 1821.

383 458 622 528 notarii
642 505 662 540 ‚
708 477 794 521 ne
841 451 1123 520 exclusis
1169 448 1432 536 quidem
1471 450 1641 534 illis,
1686 451 1797 536 qui
1842 453 2013 517 ultra
2058 449 2525 539 Capitularium
2566 474 2797 520 nume-

382 585 530 628 rum
588 560 656 624 in
717 557 838 621 hac
892 551 1376 620 reordinatione
1416 552 1849 640 praefinitum,
1896 553 2107 638 quoad
2170 552 2457 618 vixerint
2512 552 2581 618 in
2634 553 2797 640 ipsis

386 658 702 747 Capitulis
745 656 1313 722 conservabuntur.

557 755 871 843 (ΧΧΠΙ.)
959 753 1144 819 Nihil
1185 773 1344 816 vero
1387 751 1458 816 in
1498 751 1813 840 Capitulis
1842 752 2328 843 Episcopalium
2356 756 2803 822 Ecclesiarum

389 855 847 938 Warmiensis,
893 863 958 918 et
989 851 1380 934 CulmensiS,
1425 873 1549 916 nec
1592 875 1725 916 non
1749 852 2427 942 Archiepiscopalium
2452 859 2801 924 Gnesnen-

390 959 478 1024 sis
526 967 592 1022 et
619 952 1078 1021 Posnaniensis
1096 1001 1118 1036 ,
1157 951 1438 1017 invicem
1471 960 1789 1040 perpetuo
1824 954 2167 1038 unitarum,
2210 956 2593 1023 innovantes
2617 983 2801 1024 man-

394 1061 620 1124 damus
667 1057 998 1122 dumtaxat
1037 1062 1112 1118 ut
1155 1053 1597 1136 GnesnenseS,
1644 1061 1709 1116 et
1744 1053 2220 1122 Posnani'enses
2266 1056 2678 1146 Capitulares
2718 1059 2803 1124 ad

389 1155 887 1244 Archiepiscopi
937 1153 1323 1218 electionem
1365 1152 1756 1218 coniunctim
1800 1153 2081 1221 debeant
2122 1158 2505 1243 procedere.
2594 1159 2799 1242 Quod

387 1269 603 1326 autem
673 1264 925 1344 spectat
983 1262 1316 1318 vacantem
1379 1253 1835 1340 Episcopalem
1896 1253 2253 1320 Ecclesiam
2300 1256 2797 1330 WVratislavien·

391 1381 550 1442 sem,
594 1355 945 1444 specialem
982 1363 1369 1443 potestatem
1407 1353 1697 1436 facimm,
1742 1354 2026 1438 quinque
2068 1364 2215 1420 actu
2255 1356 2323 1420 in
2360 1356 2475 1420 illa
2514 1358 2803 1423 existen-

387 1459 556 1523 tibus
601 1455 1082 1542 Dignitatibus,
1147 1475 1384 1542 nempe
1421 1453 1805 1541 Praeposito
1823 1503 1842 1537 ,
1914 1454 2182 1520 Decano
2204 1503 2223 1538 ,
2290 1456 2801 1540 ArchidiaconO,

393 1556 798 1625 Scholastico
849 1565 914 1620 et
957 1553 1280 1636 Custode,
1327 1562 1472 1618 octo
1516 1553 1861 1620 Canonicis
1904 1555 2360 1641 residentibuS,
2408 1567 2475 1622 et
2513 1580 2639 1624 sex
2682 1557 2805 1624 Ca-

391 1657 638 1724 nonicis
680 1655 1080 1771 HonorariiS,
1127 1654 1236 1739 qui
1277 1676 1449 1720 nunc
1492 1654 1631 1718 eius
1657 1653 1989 1721 Ecclesiae
2018 1654 2422 1743 Capitulares
2452 1658 2801 1742 habentur,

394 1763 472 1822 ut
513 1755 596 1820 ad
641 1756 793 1821 novi
819 1754 1126 1843 Episcopi
1165 1753 1552 1818 electionem
1583 1752 1975 1820 Canonicam
2007 1756 2225 1839 modu,
2274 1766 2339 1823 et
2372 1757 2475 1821 foi
2476 1780 2579 1822 ma
2613 1780 2805 1845 prae

394 1857 624 1939 missiS,
669 1857 794 1920 hoc
843 1855 1034 1919 etiam
1075 1855 1286 1942 prima
1331 1853 1474 1918 vice
1517 1855 1880 1941 procedere
1922 1855 2193 1943 possint,
2243 1865 2308 1920 et
2350 1856 2635 1924 valeant.

563 1954 870 2041 (XXIV.)
952 1954 1302 2037 Quaelibet
1340 1975 1499 2018 vero
1556 1955 1945 2019 electionum
1989 1954 2317 2021 huismodi
2360 1955 2809 2023 Instrumenta

393 2055 464 2118 in
504 2051 872 2119 authentica
913 2055 1120 2118 forma
1165 2063 1459 2137 exarata,
1524 2053 1609 2120 ad
1654 2053 1958 2120 Sanctam
2003 2052 2253 2120 Sedem
2303 2054 2385 2120 de
2427 2078 2610 2120 more
2658 2057 2807 2122 mit-

397 2163 631 2238 tentur,
674 2179 712 2219 a
756 2176 881 2238 qua
920 2154 973 2219 si
999 2153 1251 2218 Electio
1283 2153 1611 2220 Canonice
1654 2163 1915 2242 peracta
1956 2165 2367 2239 agnoscetur,
2414 2165 2479 2220 et
2522 2178 2613 2222 ex
2652 2181 2807 2246 pro-

396 2276 582 2320 cessu
629 2254 1074 2339 Inquisitionis
1137 2254 1375 2320 deinde
1429 2279 1468 2318 a
1508 2255 1799 2321 Romano
1845 2254 2167 2320 Pontifice
2208 2255 2277 2320 in
2321 2256 2595 2341 singulis
2645 2259 2802 2323 casi-

394 2357 516 2421 bus
571 2354 763 2419 alicui
819 2376 905 2419 ex
967 2354 1537 2442 ArchiepiscopiS,
1585 2356 1694 2420 vel
1750 2354 2091 2442 Episcopis
2146 2355 2315 2420 intra
2376 2357 2543 2422 fines
2585 2359 2807 2444 Regni

401 2454 728 2520 Borussici
775 2454 1204 2519 existentibus
1249 2454 1750 2536 committendo,
1816 2464 1883 2519 et
1920 2454 2009 2519 ad
2048 2455 2323 2521 formam
2362 2457 2808 2523 instructionis

391 2555 572 2620 iussu
616 2554 772 2621 San.
817 2555 1014 2620 Mem.
1060 2553 1311 2621 Urbani
1358 2553 1589 2620 Octavi
1614 2554 2149 2620 Praedecessoris
2175 2555 2402 2621 Nostri
2446 2555 2669 2621 editae
2716 2556 2809 2620 di-

397 2654 682 2740 ligenter
714 2655 1042 2718 exarando
1070 2654 1152 2719 de
1183 2654 1373 2719 electi
1400 2653 1755 2719 idoneitate
1788 2655 2165 2738 constiterit,
2204 2656 2553 2720 electiones
2584 2656 2808 2721 huius-

401 2754 578 2818 modi
638 2777 676 2816 a
718 2753 964 2835 Nobis,
1037 2763 1102 2817 et
1168 2754 1474 2820 Romanis
1534 2753 1956 2819 Pontificibus
2000 2753 2499 2821 Successoribus
2544 2756 2807 2823 Nostris

403 2851 580 2919 iuxta
639 2861 947 2919 statutum
989 2875 1238 2918 morem
1279 2876 1398 2941 per
1441 2853 1855 2941 Apostolicas
1900 2855 2183 2919 Litteras
2230 2849 2799 2922 confirmabuntur.

569 2951 841 3038 (XXV.)
928 2953 1009 3018 In
1053 2955 1326 3039 sin-gulis
1360 2963 1701 3042 praeterea
1740 2953 2142 3038 Civitatibus,
2184 2963 2315 3021 tam
2344 2955 2803 3044 Archiepisco—

396 3051 669 3138 palibuS,
713 3075 908 3138 quam
949 3053 1440 3141 Episcopalibus
1486 3076 1685 3118 unum
1733 3053 2137 3120 Clericorum
2186 3052 2647 3136 Seminarium,
2694 3055 2802 3121 vel¹

401 3153 913 3217 conservandum
957 3155 1064 3218 vel
1110 3154 1191 3218 de
1235 3177 1406 3219 novo
1459 3153 1931 3242 quamprimum
1974 3145 2359 3240 erigendum
2408 3175 2553 3222 esse
2585 3154 2803 3220 statui-

405 3274 568 3334 mUS,
615 3252 682 3316 in
725 3275 851 3338 quo
893 3254 951 3318 is
997 3253 1400 3321 Clericorum
1447 3277 1752 3318 numerus
1801 3253 1930 3336 ali,
1995 3263 2186 3339 atque
2232 3255 2314 3319 ad
2354 3255 2629 3320 formam
2670 3255 2803 3320 De—

405 3361 730 3416 cretorum
773 3351 958 3418 Sacri
1008 3354 1280 3420 Concilii
1332 3354 1696 3420 Tridentini
1751 3354 1996 3418 institui
2020 3404 2040 3439 ,
2106 3378 2182 3419 ac
2244 3355 2505 3420 educari
2549 3356 2801 3438 debeat,

406 3452 514 3537 qui
561 3453 1068 3540 respectivarum
1094 3455 1513 3520 Dioecesium
1560 3454 1989 3542 amplitudini,
2036 3464 2103 3519 et
2135 3455 2501 3520 necessitati
2534 3476 2799 3542 respon-

412 3552 592 3636 deat,
668 3554 906 3638 quique
969 3557 1048 3618 ab
1092 3555 1516 3641 Exequutore
1580 3555 2019 3642 praesentium
2079 3555 2473 3622 Litterarum
2514 3576 2801 3640 congrue

408 3653 535 3716 erit
575 3653 1105 3742 praefiniendus:
1164 3655 1663 3743 Archiepiscopi
1706 3665 1922 3720 tamen
1970 3655 2413 3738 Gnesnensis,
2456 3664 2521 3720 et
2560 3655 2799 3720 Posna-

409 3753 652 3817 niensis
694 3753 958 3836 iudicio,
1005 3764 1069 3819 et
1106 3755 1495 3844 prudentiae
1542 3755 2003 3842 relinquimus,
2058 3757 2167 3820 vel
2208 3755 2277 3820 in
2316 3765 2587 3840 utraque
2630 3755 2798 3821 Civi—

406 3861 535 3916 tate
576 3854 949 3942 proprium,
1013 3879 1090 3921 ac
1131 3855 1541 3940 distinctum,
1585 3857 1695 3920 vel
1732 3879 1935 3921 unum
1978 3863 2223 3920 tantum
2264 3856 2333 3919 in
2376 3855 2797 3930 Posnaniensi

407 3950 704 4040 Civitate,
739 3953 886 4038 quia
927 3955 1180 4043 amplis
1189 3956 1457 4021 aedibus
1493 3965 1759 4039 constat,
1803 3979 1922 4044 pro
1964 3954 2213 4019 clericis
2236 3957 2566 4020 ambarum
2596 3954 2793 4018 Dioe-

408 4051 650 4116 cesium
692 4051 1130 4119 Seminarium
1175 4055 1584 4178 constabilire
1627 4065 1825 4144 prout
1866 4055 2306 4120 Ecclesiarum
2347 4055 2637 4142 ipsarum
2678 4053 2795 4118 uti-

403 4149 548 4244 litas
592 4154 1033 4240 postulaverit.

581 4253 890 4341 (XXVI.)
973 4256 1290 4321 Volentes
1333 4280 1505 4322 nunc
1567 4257 1830 4346 praevia
1884 4256 2451 4322 dismembratione
2465 4305 2485 4340 ,
2546 4278 2795 4344 separa·

412 4352 586 4416 tione
613 4402 633 4435 ,
697 4363 890 4440 atque
933 4356 1374 4422 immutatione
1416 4359 1874 4423 nonnullorum
1918 4357 2241 4423 Locorum
2264 4407 2285 4441 ,
2348 4367 2419 4422 et
2460 4355 2805 4422 Paroecia-.

413 4474 558 4520 rum
615 4477 652 4517 a
691 4455 983 4540 priorum
1027 4456 1523 4523 Ordinariorum
1580 4457 2026 4524 iurisdictione
2080 4457 2659 4524 subtrahendarum
2716 4454 2794 4518 ad
