2959 4984
277 290 386 347 388
819 291 1451 345 onnunnmmsoflss
1492 290 2147 347 chHENPRovmz.

280 458 390 544 qui
433 456 626 523 simul
665 453 992 521 Parochus
1035 453 1158 521 erit
1197 454 1268 520 in
1311 454 1468 519 Alta
1508 454 1687 519 Villa
1706 503 1727 537 ,
1792 454 2025 521 floreni
2084 455 2365 523 bismille
2426 466 2686 523 tercen-

281 568 438 640 tum,
481 566 548 621 et
587 555 808 642 quinto
845 551 1190 637 Canonieo,
1237 553 1428 619 simul
1459 554 1755 621 Parocho
1798 554 1867 619 in
1894 555 2136 621 Libera
2178 553 2457 623 Civitate
2484 558 2689 623 Fran-

281 654 630 723 cofurtensi
675 655 942 740 eiusque
985 653 1342 719 Territorio
1365 702 1386 737 ,
1445 675 1523 718 ea
1556 653 1699 742 ipsa
1744 653 2049 738 Summa,
2112 678 2303 741 quam
2344 655 2443 721 uti
2488 655 2689 721 Paro-

284 758 444 823 chus
485 768 630 822 actu
667 754 796 819 iam
836 754 1154 843 percipit3
1215 775 1414 842 super
1459 753 1777 819 dictarum
1820 755 2185 821 retentione
2225 754 2689 821 Paroeciarum

285 880 431 923 cum
487 854 858 921 memoratis
916 864 1190 940 quatuor
1239 853 1581 919 Canonicis
1625 854 2011 943 Apostolica
2059 854 2365 941 delegata
2410 856 2688 921 auctori—

285 966 412 1023 tate
457 955 926 1045 dispensando,
971 978 1118 1020 cum
1159 954 1285 1019 hoc
1329 962 1548 1019 tamen
1590 954 1765 1039 quod
1806 977 2001 1019 curae
2042 954 2399 1020 animarum
2446 954 2685 1021 Paroe-

287 1057 530 1123 ciarum
575 1057 946 1124 huiusmodi
1005 1078 1126 1146 per
1174 1056 1448 1123 idoneos
1508 1056 1799 1123 Vicarios
1842 1059 1922 1122 ab
1970 1056 2321 1123 Ordinatio
2336 1105 2357 1138 ,
2418 1056 2690 1122 servatis

289 1157 656 1241 servandis,
695 1158 780 1223 ad
821 1158 1098 1223 formam
1141 1155 1615 1222 Canonicarum
1654 1153 2076 1222 Sanctionum
2120 1153 2579 1244 approbandos
2626 1164 2691 1221 et

277 1258 706 1323 instituendos
747 1265 1112 1346 opportune
1155 1255 1611 1343 provideatur;
1660 1256 1871 1343 primo
1916 1252 2280 1338 Sacellano,
2324 1255 2436 1339 qui
2474 1254 2684 1321 Oano-

281 1358 496 1423 nicum
539 1358 906 1425 Paroehum
963 1358 1511 1443 Limburgensem
1570 1356 1640 1420 in
1702 1357 2059 1421 animarum
2120 1379 2275 1422 cura
2334 1354 2685 1437 adiuvabit,

279 1458 511 1524 floreni
549 1459 922 1545 octingenti,
967 1456 1254 1523 secundo
1301 1454 1669 1539 SacellanO,
1714 1457 1815 1521 cui
1862 1454 2089 1521 Missas
2126 1455 2197 1520 in
2226 1454 2491 1522 Sacello
2532 1452 2682 1521 Sto-

282 1558 406 1623 chii
449 1558 944 1645 Limburgensis
989 1558 1358 1623 satisfacere
1402 1556 1763 1641 incumbet,
1824 1556 2056 1621 floreni
2101 1556 2461 1643 octingenti
2482 1605 2504 1640 ,
2560 1557 2687 1622 Ar—

287 1659 698 1748 chiepiscopo
747 1657 1205 1743 friburgensi,
1259 1655 1352 1721 uti
1399 1656 1901 1745 Metropolitano
1914 1705 1935 1740 ,
2001 1680 2123 1746 pro
2168 1665 2307 1723 rata
2350 1657 2685 1744 augmenti

284 1758 420 1825 eius
469 1758 816 1824 dotationis
869 1758 1232 1825 biscentum
1289 1757 1703 1844 septuaginta
1760 1756 1991 1822 floreni
2010 1802 2031 1836 ,
2097 1754 2467 1823 Seminario
2522 1758 2687 1823 intra

281 1856 686 1923 Provinciam
729 1858 1094 1941 constituto,
1137 1858 1248 1922 vel
1289 1857 1742 1923 constituendo
1783 1880 1905 1946 pro
1954 1856 2681 1924 Clericorum'Limbur·

282 1957 506 2042 gensis
549 1957 888 2024 Dioecesis
932 1959 1312 2024 educatione
1336 2006 1356 2041 ,
1427 1966 1495 2021 et
1536 1956 1958 2023 instructione
2002 1956 2234 2022 floreni
2275 1956 2459 2023 mille
2503 1958 2683 2043 quin·

282 2057 497 2145 genti,
544 2055 982 2124 Cancellariae
1025 2059 1308 2143 denique
1348 2058 1753 2147 Episcopali,
1812 2080 1887 2123 ac
1925 2080 2051 2145 pro
2098 2057 2368 2123 caeteris
2412 2058 2681 2146 sumpti-

287 2160 406 2223 bus
452 2157 1018 2224 administrationis
1061 2168 1192 2223 tam
1232 2158 1725 2223 Ecclesiasticae
1755 2206 1777 2241 ,
1853 2180 2045 2243 quam
2088 2159 2412 2223 bonorum
2454 2157 2687 2223 floreni

287 2257 568 2323 bismille
633 2268 891 2324 centum
951 2258 1237 2345 triginta.
1340 2257 1472 2323 Pro
1527 2256 1833 2345 Episcopi
1894 2266 2237 2345 praeterea
2288 2257 2689 2323 habitatione

286 2358 550 2446 praevia
589 2358 1048 2448 suppressione
1091 2358 1468 2424 Monasterii
1508 2378 1624 2422 seu
1672 2356 1987 2423 Coenobii
2012 2407 2032 2441 ,
2076 2357 2230 2423 olim
2270 2383 2309 2423 a
2348 2358 2684 2425 Fratribus

293 2457 562 2526 Ordinis
601 2457 723 2525 Sti.
756 2458 1082 2525 Francisci
1117 2458 1470 2542 inhabitati,
1514 2466 1768 2547 partem
1812 2458 2017 2546 ipsius
2047 2457 2447 2541 Monasterii,
2498 2481 2686 2544 quam

283 2558 618 2644 hucusque
663 2559 938 2625 obtinuit
973 2558 1350 2624 Praefectus
1393 2558 1664 2625 Ducalis
1723 2580 1871 2621 eum
1929 2556 2201 2623 finitimo
2244 2558 2437 2622 horto
2484 2557 2688 2622 muris

292 2666 514 2747 septe,
563 2682 681 2747 pro
725 2658 994 2724 Decano
1041 2680 1200 2723 vero
1221 2708 1241 2741 ,
1287 2657 1573 2745 quinque
1617 2656 1960 2723 Canonicis
1977 2707 1998 2741 ,
2058 2666 2124 2723 et
2165 2657 2423 2723 duobus
2466 2654 2688 2724 Sacel-

289 2759 472 2841 laniS,
513 2760 666 2823 alias
707 2759 934 2824 domos
975 2759 1045 2823 in
1087 2758 1420 2847 praedicto
1456 2758 1885 2823 instrumento
1911 2757 2286 2847 descriptaS,
2318 2758 2685 2846 respective

290 2857 708 2943 assignandas
753 2858 1182 2923 decernimus.

459 2955 772 3042 (XVIII.)
835 2957 1188 3023 Antedicto
1245 2958 1513 3045 insuper
1566 2958 1793 3023 Ioanni
1852 2956 2179 3046 Baptistae
2220 2956 2551 3048 Episcopo
2599 2959 2691 3023 in·

287 3057 638 3143 iungimuS,
680 3066 754 3123 ut
791 3057 1148 3123 animarum
1189 3080 1380 3123 curae
1419 3059 1488 3122 in
1527 3058 2027 3145 Metropolitana
2074 3067 2141 3123 et
2192 3057 2688 3124 Cathedralibus

289 3156 597 3223 Ecclesiis
647 3166 1010 3246 opportune
1051 3160 1385 3241 consulat,
1457 3168 1819 3244 statuatque
1874 3182 1909 3221 a
1975 3159 2203 3244 quibus
2246 3158 2689 3243 Presbyteris,

289 3258 553 3343 praevio
598 3280 950 3342 concursu,
1017 3260 1098 3323 ad
1139 3282 1432 3324 normam
1479 3258 1948 3325 Canonicarum
1989 3256 2411 3325 Sanctionum
2436 3311 2456 3345 ,
2506 3286 2545 3326 a
2588 3284 2689 3327 re-

293 3357 582 3445 spective
613 3356 962 3424 Ordinatio
1012 3359 1448 3448 adprobandis
1494 3382 1569 3423 ac
1608 3358 2023 3442 instruendiS,
2072 3370 2137 3423 et
2180 3382 2306 3445 qua
2350 3384 2497 3426 cum
2547 3384 2692 3428 con-

301 3480 468 3544 grua
518 3458 846 3523 dotatione
907 3460 975 3523 in
1033 3455 1348 3525 Ecclesiisi
1397 3459 1555 3548 ipsis
1618 3458 1851 3525 debeat
1890 3460 2221 3525 exerceri:
2274 3469 2479 3547 utque
2527 3461 2691 3528 desi-

291 3568 454 3645 gnet
495 3559 565 3625 in
607 3559 785 3643 quod
823 3557 1260 3625 Seminarium
1302 3558 1675 3647 provinciae
1703 3558 2189 3624 Ecclesiasticae
2228 3559 2691 3649 Friburgensis

298 3658 534 3725 Clerici
576 3661 916 3727 Dioecesis
955 3661 1445 3747 Limburgensis
1494 3662 1697 3749 recipi
1740 3661 2013 3745 valeant,
2066 3684 2210 3724 cum
2252 3662 2693 3748 assignatione

295 3782 505 3823 annua
547 3760 1060 3846 supradictorum
1103 3762 1282 3827 mille
1326 3763 1831 3848 quingentorum
1868 3762 2264 3827 florenorum
2289 3784 2497 3847 usque
2540 3762 2693 3846 dum

293 3859 626 3947 proprium
667 3861 1142 3948 Limburgense
1189 3861 1623 3929 Seminarium
1666 3862 1993 3947 erigatur3
2054 3870 2247 3947 atque
2302 3870 2377 3926 ut
2412 3863 2690 3928 ulterius

295 3980 610 4025 summam
643 3963 1032 4031 determinet
1065 3990 1102 4029 a
1135 3965 1514 4052 respectivis
1543 3963 1951 4050 Principibus
1976 3961 2500 4027 Territorialibus
2547 3965 2691 4028 sub-

299 4058 802 4146 ministrandam,
847 4086 974 4149 qua
1015 4065 1216 4130 divini
1259 4065 1468 4130 cultus
1510 4063 1819 4153 impensis
1864 4063 1932 4127 in
1978 4062 2340 4152 suppressis
2382 4070 2515 4128 tam
2538 4060 2691 4150 Epi-

297 4160 538 4246 scopali
593 4161 1105 4248 constantiensi,
1171 4188 1361 4251 quam
1403 4162 1912 4253 Praepositurali
1978 4160 2319 4227 Elvacensi
2382 4159 2691 4225 Ecclesiis

300 4270 681 4348 opportune,
727 4287 801 4329 ac
841 4266 1153 4331 stabiliter
1183 4265 1620 4354 provideatur,
1660 4288 1735 4328 ac
1775 4263 2039 4327 demum
2081 4270 2279 4344 curet,
2323 4261 2504 4346 quod
2543 4284 2690 4347 sup·

297 4381 672 4445 pressorum
721 4364 1164 4453 Capitulorum
1210 4376 1354 4431 actu
1401 4367 1827 4432 existentibus
1860 4364 2205 4431 Canonicis
2252 4386 2463 4429 annua
2504 4386 2689 4452 prae-

300 4458 486 4521 statio
531 4460 615 4522 ad
661 4482 885 4526 eorum
927 4466 1122 4529 vitam
1162 4467 1420 4552 integre
1466 4490 1541 4533 ac
1580 4466 1865 4533 fideliter
1912 4466 2339 4554 persolvatur.
