2959 4984
335 255 477 310 XCI·
550 253 1013 307 DEOLARATIO
1048 251 1283 304 SUPER
1324 253 1804 307 Ma'mmomls
1843 255 2089 308 mrns
2129 258 2190 307 A.
2231 255 2389 310 1741.
2461 253 2570 311 585

149 425 391 494 Nostri
434 419 705 516 decreti,
744 419 985 500 statuti,
1028 416 1505 484 constitutionis
1520 468 1542 503 ,
1581 417 2035 508 prohibitionis
2051 473 2072 506 ,
2113 423 2567 505 revocationis,

152 523 639 592 annullationis
664 571 683 605 ,
731 517 1187 585 declarationis
1210 566 1231 601 ,
1295 519 1612 602 mandati,
1673 541 1750 584 ac
1787 520 2142 588 voluntatis
2185 520 2569 609 infringere,

150 628 277 692 vel
340 625 403 690 ei
445 644 605 690 ausu
647 619 991 686 temerario
1056 620 1417 702 contraire3
1495 619 1570 686 Si
1627 620 1770 705 quis
1827 628 2044 685 autem
2085 621 2212 686 hoc
2251 630 2568 690 attentare

156 722 679 815 praesumpserit
702 773 721 806 ,
768 721 1283 808 indignationem
1330 720 1816 810 Omnipotentis
1856 719 2030 804 Dei,
2095 743 2170 786 ac
2209 719 2566 791 Beatorum

160 827 381 910 Petri,
450 834 518 890 et
560 821 746 890 Pauli
788 821 1262 911 Apostolorum
1308 823 1447 906 ejus
1509 843 1582 888 se
1623 821 1884 888 noverit
1922 821 2350 890 incursurum.
2437 825 2570 891 Da-

156 938 299 993 tum
346 927 598 994 Romae
651 924 825 1014 apud
870 921 1177 990 Sanctam
1230 922 1505 1008 Mariam
1546 923 1866 1009 Maj0rem
1932 923 2134 989 Anno
2175 924 2568 990 Incarnatio·

154 1030 262 1096 nis
296 1027 686 1096 Dominicae
723 1025 1069 1092 millesimo
1113 1023 1701 1112 septingentesimo
1717 1071 1740 1107 ,
1785 1024 2286 1110 quadragesimo
2332 1024 2564 1113 primo,

153 1129 351 1196 tertio
390 1150 597 1194 nonas
636 1125 1051 1208 Novembris,
1094 1123 1518 1190 Pontificatus
1559 1124 1784 1190 Nostri
1833 1123 2028 1190 Anno
2079 1123 2168 1190 II.

154 1377 347 1445 XCI.
380 1373 1590 1444 BenedictiXIV.Declaratio
1635 1373 1769 1440 die
1813 1372 2567 1440 4.n0vembrisl741

156 1479 475 1542 emissa
532 1499 709 1542 cum
766 1475 1381 1559 instructione,
1446 1495 1704 1560 super
1747 1472 2056 1540 Dubiis
2096 1472 2564 1561 respicien-

254 1577 489 1644 tibus
530 1575 1078 1642 Matrimonia
1118 1576 1199 1641 in
1242 1572 1748 1659 Hollandia,
1797 1582 1880 1638 et
1922 1573 2235 1662 Belgio
2280 1597 2464 1639 con-

823 1685 1135 1759 tracta,
1181 1685 1258 1741 et
1302 1673 1903 1740 contrahenda.

328 1827 765 1911 Matrimonia,
805 1849 971 1913 quae
1014 1827 1083 1894 in
1127 1829 1292 1894 locis
1341 1827 1858 1894 Foederatorum
1905 1824 2230 1893 Ordinum
2275 1827 2562 1894 dominio

152 1924 225 1994 in
251 1927 497 2014 Belgio
542 1928 852 2014 subjectis
892 1927 1041 1994 iniri
1082 1929 1313 2010 solent,
1360 1927 1500 1992 sive
1540 1927 1712 1992 inter
1735 1925 2120 1992 Haereticos
2161 1950 2249 1993 ex
2286 1937 2562 2013 utraque

148 2037 363 2116 parte,
404 2027 545 2092 sive
584 2029 758 2094 inter
787 2027 1213 2094 Haereticam
1260 2050 1347 2094 ex
1387 2049 1518 2092 una
1559 2038 1744 2114 parte
1765 2027 2020 2112 Virum,
2065 2038 2132 2094 et
2160 2023 2564 2094 Catholicam

150 2126 542 2192 Foeminam
602 2148 691 2192 ex
747 2127 905 2211 alia,
966 2138 1075 2193 aut
1117 2128 1486 2210 viceversa,
1551 2151 1688 2194 non
1725 2138 1980 2194 servata
2018 2128 2230 2194 forma
2275 2152 2314 2194 a
2354 2125 2558 2195 Sacro

152 2225 545 2292 Tridentino
584 2223 881 2292 Concilio
926 2227 1349 2315 praescripta,
1385 2236 1607 2292 utrum
1645 2227 1860 2292 valida
1899 2228 2198 2293 habenda
2234 2227 2389 2313 sint,
2433 2251 2559 2294 nec

152 2351 243 2396 ne
260 2379 283 2413 ,
348 2328 460 2392 diu
502 2327 909 2412 multumque
952 2329 1383 2416 disceptatum
1430 2335 1560 2410 est,
1606 2327 1838 2392 animis
1880 2327 2219 2392 hominum
2235 2379 2256 2413 ,
2298 2351 2376 2393 ae
2415 2349 2560 2394 sen·

154 2428 383 2494 tentiis
428 2428 499 2493 in
544 2427 801 2494 diversa
838 2428 1203 2494 dish-actisz
1250 2427 1331 2492 Id
1374 2429 1551 2513 quod
1595 2427 1746 2493 satis
1781 2429 2054 2494 uberem
2079 2421 2443 2510 anxietatis,
2489 2449 2564 2492 ac

157 2529 613 2618 periculorum
660 2537 1021 2594 sementem
1060 2549 1184 2614 per
1222 2529 1465 2594 multos
1511 2548 1714 2593 annos
1757 2527 2298 2611 subministravit,
2365 2549 2566 2612 quum

159 2629 557 2717 praesertim
598 2628 948 2718 Episcopi,
991 2628 1271 2693 Paro-chi
1290 2678 1312 2711 ,
1358 2637 1554 2713 atque
1593 2629 1853 2692 illarum
1895 2627 2264 2714 Regionum
2309 2626 2564 2693 Missio-

160 2729 331 2796 narii
352 2777 372 2812 ,
434 2729 598 2796 nihil
642 2729 805 2796 certi
850 2729 973 2794 hac
1018 2749 1217 2816 super
1254 2749 1329 2792 re
1378 2729 1698 2794 haberent
1717 2776 1738 2811 ,
1791 2727 1958 2793 nihil
1995 2749 2152 2792 vero
2193 2727 2564 2793 inconsulta

156 2829 411 2897 Sancta
452 2827 629 2896 Sede
672 2829 993 2894 auderent
1034 2837 1340 2912 statuere,
1382 2851 1459 2893 ac
1505 2829 1858 2894 declarare.
1913 2827 2083 2894 Oum
2125 2839 2363 2914 antem,
2407 2849 2558 2916 pro·

162 2931 343 2996 xime
388 2931 667 2996 evolutis
712 2930 918 3012 annis,
956 2929 1027 2997 in
1070 2939 1201 2994 tam
1242 2929 1532 3018 ancipiti,
1573 2928 1890 3018 gravique
1934 2951 2128 2994 causa
2142 2927 2563 3018 Apostolicae

156 3029 359 3100 Sedis
392 3031 715 3118 judicium
756 3031 1209 3096 vehementius
1256 3040 1741 3120 exposceretur,
1787 3041 2188 3118 urgeretque
2224 3030 2297 3094 id
2337 3030 2560 3118 impri—

152 3132 279 3198 mis
324 3132 864 3218 vigilantissimus
904 3132 1197 3219 Iprensis
1241 3132 1647 3220 Episcopus,
1711 3131 1867 3196 dum
1905 3153 2026 3219 pro
2071 3130 2294 3196 debito
2339 3128 2563 3196 Officii

151 3232 256 3298 sui
280 3282 303 3316 ,
364 3241 432 3297 et
472 3255 587 3297 sua
630 3254 791 3318 erga
832 3230 1021 3297 Beati
1063 3231 1246 3296 Petri
1293 3230 1690 3296 Cathedram
1729 3230 2166 3312 observantia,
2211 3229 2296 3294 de
2335 3229 2562 3295 Eccle-

150 3332 291 3398 siae
348 3331 473 3396 sibi
532 3329 941 3397 concreditae
1000 3340 1173 3396 statu
1228 3331 1313 3395 ad
1368 3331 1733 3396 Romanum
1774 3328 2164 3394 Pontificem
2213 3329 2564 3413 referebat,

148 3429 667 3520 ponendumque
708 3431 971 3496 omnino
1022 3451 1165 3496 esse
1207 3439 1339 3495 tam
1380 3429 1683 3518 prolixae
1721 3428 2105 3494 dubitationi
2147 3429 2366 3511 finem,
2410 3451 2559 3515 gra-

147 3529 439 3596 vissimis
476 3531 717 3614 verbis,
760 3555 837 3596 ac
878 3531 1235 3597 rationibus
1264 3531 1731 3618 persuaderet:
1783 3527 2090 3596 Clemens
2117 3529 2272 3593 XII.
2302 3528 2370 3594 id
2399 3538 2561 3592 tem—

145 3630 335 3720 poris
362 3631 691 3698 Romanus
718 3631 1051 3714 Pontifex,
1096 3632 1206 3716 qui
1250 3633 1349 3696 rei
1393 3631 1804 3718 gravitatem,
1853 3639 2162 3719 quantum
2201 3631 2562 3718 oportebat,

144 3731 548 3814 aestimaret,
592 3729 837 3798 Sacrae
880 3732 1399 3818 Congregationi
1448 3731 1868 3798 Eminentiss.
1915 3729 2360 3797 Cardinalium
2387 3727 2559 3795 Con·

148 3831 293 3898 cilii
332 3832 697 3898 Tridentini
746 3832 1192 3920 Interpretum
1230 3833 1301 3897 in
1340 3832 1660 3897 mandatis
1701 3831 1919 3916 dedit,
1977 3841 2054 3895 ut
2095 3831 2180 3896 de
2225 3838 2361 3896 tota
2407 3850 2558 3894 con-

146 3933 473 3998 troversia
536 3933 891 4020 diligenter
948 3953 1133 3998 more
1194 3955 1311 3998 suo
1356 3942 1808 4019 cognosceret.
1891 3933 1973 3998 In
2015 3956 2091 3998 re
2135 3935 2353 4017 itaque
2395 3934 2558 3998 tanti

148 4033 469 4100 momenti
521 4033 749 4099 volens
808 4033 1039 4099 eadem
1082 4030 1291 4100 Sacra
1335 4032 1790 4120 (long-rogatio
1834 4053 2028 4119 quam
2070 4033 2556 4099 accuratissime

148 4133 541 4222 procedere,
586 4134 968 4199 commissae
1010 4130 1137 4198 sibi
1179 4133 1572 4220 cognitionis
1613 4135 1872 4200 initium
1909 4137 1989 4200 ab
2027 4135 2368 4221 exquisitis
2401 4135 2558 4200 alio-

146 4255 301 4303 rum
343 4253 604 4320 quoque
646 4234 868 4322 Belgii
910 4233 1389 4322 Episcoporum
1430 4233 1899 4319 RelationibuS,
1945 4245 2140 4320 atque
2191 4236 2555 4319 sententiis,

150 4356 315 4424 quas
354 4335 641 4423 desuper
680 4333 1012 4422 explorari
1052 4334 1311 4420 sategit,
1354 4334 1715 4420 petendum
1749 4335 1954 4417 duxit,
2003 4336 2369 4424 eodemque
2395 4343 2559 4401 tem·

148 4455 317 4526 pore
348 4436 579 4503 audire
618 4435 831 4502 voluit
868 4445 1273 4524 praestantes
1310 4437 1560 4522 aliquot
1601 4436 1794 4521 hujus
1835 4436 2074 4502 Almae
2111 4435 2314 4504 Urbis
2343 4435 2556 4502 Theo·
