2959 4984
338 291 635 348 Lxxxm.
706 287 1181 347 GONSTITUTIO
1216 287 1319 342 DE
1357 279 2032 342 APPELLATIONIBUS
2067 279 2138 338 A.
2179 279 2332 340 1742.
2348 293 2360 303 ’⁹
2437 279 2546 340 528

126 460 593 528 mendatorum
607 510 627 544 ,
686 458 883 524 etiam
926 465 1415 546 exemptorum:
1489 453 1694 520 Prout
1737 453 1934 520 etiam
1981 453 2062 518 ab
2107 459 2548 544 exequutione

144 583 385 628 eorum
398 607 421 642 ,
462 581 628 644 quae
668 559 739 622 in
776 559 921 646 ipsa
961 557 1351 622 Visitatione
1394 553 1698 621 mandata
1718 604 1740 638 ,
1781 553 2068 642 decreta,
2109 567 2224 622 aut
2257 557 2554 644 judicata

138 660 414 729 fuerint.
460 658 739 726 Necnon
779 657 1079 722 similiter
1120 680 1161 722 a
1200 657 1716 741 quibuscumque
1751 653 2080 739 Decretis,
2123 667 2192 722 et
2225 657 2554 724 provisio:

138 762 342 826 nibus
358 808 377 842 ,
419 760 616 823 etiam
658 767 846 851 extra
886 756 1365 841 Visitationem,
1408 779 1530 845 pro
1577 756 2091 840 conservatione,
2139 759 2248 822 vel
2289 780 2550 848 repara-

134 863 326 926 tione
367 859 873 926 Ecclesiasticae
912 857 1352 945 Disciplinae,
1402 855 1620 942 quoad
1663 855 1885 939 vitam,
1931 878 2148 924 mores
2168 909 2190 940 ,
2235 867 2302 923 et
2345 859 2546 924 hone-

142 971 385 1026 statem
421 979 981 1046 quorumcumque
1022 955 1439 1023 Clericorum
1452 1003 1473 1040 ,
1512 957 1785 1041 luxum,
1825 957 2354 1040 comessationes,
2399 958 2552 1024 cho·-

138 1083 291 1127 reas
308 1109 331 1144 ‚
374 1061 575 1143 lusus,
624 1059 918 1140 crimina,
966 1068 1033 1122 et
1078 1057 1439 1122 saecularia
1482 1057 1750 1144 negotia
1793 1056 2128 1142 fugienda,
2155 1049 2368 1142 'atque
2419 1057 2549 1124 evi-

140 1161 393 1244 tanda5
443 1163 635 1246 juxta
675 1159 867 1247 plura
902 1159 1195 1224 Decreta
1236 1157 1395 1222 dicti
1438 1156 1626 1226 Sacri
1671 1154 1954 1223 Concilii
1975 1206 1995 1240 ,
2057 1167 2122 1222 et
2163 1158 2554 1245 praesertim

24 1349 35 1358 ι
145 1283 309 1328 3633.
344 1263 403 1326 6.
450 1261 533 1326 116
574 1259 865 1325 Reform.
910 1281 1049 1346 cap.
1078 1259 1143 1322 4.
1186 1279 1341 1324 sess.
1374 1257 1472 1322 13.
1517 1279 1660 1345 cap.
1691 1257 1748 1321 1.
1790 1277 1952 1322 sess.
1981 1257 2080 1322 14.
2125 1279 2266 1347 cap.
2289 1258 2354 1322 4.
2397 1279 2556 1326 sess.

146 1363 255 1428 21.
301 1384 445 1450 cap.
484 1361 545 1426 8.
591 1381 749 1424 sess.
790 1357 894 1424 22.
939 1381 1083 1446 cap.
1126 1359 1185 1424 1.
1199 1409 1219 1443 ,
1266 1366 1331 1422 et
1375 1379 1518 1444 cap.
1557 1358 1644 1440 8.,
1689 1365 1756 1422 et
1799 1377 1956 1422 sess.
1995 1357 2099 1425 24.
2141 1381 2287 1447 cap.
2329 1358 2428 1423 10.
2469 1357 2558 1424 ad

142 1463 432 1528 formam
486 1469 707 1525 tamen
742 1457 1187 1527 Decretorum
1225 1457 1379 1526 Sao.
1424 1456 1669 1542 Congr.
1713 1455 2194 1546 Episcoporum
2251 1458 2336 1524 de
2376 1481 2554 1524 man-

144 1561 317 1627 dato·
346 1583 481 1626 san.
520 1581 713 1626 mem.
764 1557 1129 1626 Clementis
1178 1557 1334 1623 VII.
1382 1556 1708 1624 editorum
1753 1556 1932 1622 Ann.
1973 1556 2191 1624 MDO.

319 1662 378 1742 ἓ.
420 1660 521 1742 22.
606 1659 777 1725 Item
840 1682 879 1724 a
918 1657 1225 1724 Decretis
1283 1657 1674 1744 cogentibus
1717 1655 2178 1724 Praesentatos
2194 1707 2216 1741 ,
2289 1659 2558 1742 electos,

139 1762 259 1826 vel
300 1761 665 1826 nominatos
706 1783 749 1824 a
787 1757 1121 1844 quibusvis
1161 1756 1646 1824 Ecclesiasticis
1693 1755 2024 1842 Pomtinis,
2067 1757 2556 1826 etiamNostris

143 1870 215 1926 et
254 1858 458 1928 Sedis·
486 1860 911 1948 Apostolicae
940 1858 1237 1974 Nuuciis,
1281 1857 1366 1922 ad
1412 1857 1682 1942 quaevis
1705 1855 2174 1924 Ecclesiastico.
2198 1858 2556 1943 Beneficia,

144 1961 233 2028 ad
294 1981 367 2024 se
424 1959 902 2046 subjiciendum
946 1959 1233 2024 examini
1278 1956 1614 2025 Ordinarii
1634 2005 1655 2040 ,
1719 1967 2072 2044 antequam
2109 1959 2554 2040 instituantur,

84 2095 89 2104 ·
146 2061 651 2146 confirmentur,
702 2061 815 2126 vel
868 2060 1323 2186 admittantur,
1382 2057 1934 2143 quemadmodum
1976 2067 2249 2125 cavetur
2289 2081 2447 2127 sess.
2498 2059 2562 2125 7.

146 2161 234 2227 de
270 2161 629 2228 Reformat.
672 2183 814 2248 cap.
856 2160 956 2228 13.
2357 2181 2364 2188 ·

322 2262 383 2343 ξ.
424 2259 527 2327 23.
611 2260 785 2326 Item
842 2283 881 2324 a
938 2260 1375 2344 denegatione
1428 2258 1786 2328 Sacrorum
1843 2261 2172 2329 ordinum
2188 2312 2210 2347 ,
2283 2263 2392 2328 vel
2443 2261 2560 2328 acl-⁴

147 2381 436 2429 scensus
468 2357 555 2426 ad
595 2360 756 2428 alios
798 2359 1117 2446 Majores3
1182 2368 1378 2448 prout
1436 2361 1629 2426 etiam
1689 2360 2006 2428 adversus
2061 2365 2561 2452 suspensionem

150 2462 233 2526 ab
280 2459 643 2528 Ordinibus
674 2461 815 2545 jam
854 2461 1202 2549 susceptis,
1240 2462 1325 2528 ob
1364 2461 1616 2526 cri-men
1657 2461 2010 2546 occultum,
2045 2463 2183 2530 sive
2225 2485 2313 2530 ex
2360 2465 2562 2532 infor·-

149 2569 331 2626 mata
374 2561 795 2646 conscientia,
835 2563 1025 2646 juxta
1071 2560 1569 2649 dispositionem
1611 2560 1801 2632 Sacri
1825 2560 2106 2628 concilii
2147 2585 2306 2631 sess.
2333 2565 2431 2631 14.
2474 2566 2562 2632 de

149 2662 446 2730 Reform.
492 2683 551 2726 c.
588 2663 647 2728 1.
690 2670 758 2726 et
802 2682 945 2749 cap.
988 2661 1051 2727 3.
1098 2667 1359 2728 et'sess.
1404 2660 1506 2726 21.
1553 2684 1698 2749 cap.
1733 2663 1790 2729 1.
1819 2671 1898 2726 et
1939 2684 2098 2730 sess.
2141 2663 2244 2731 23.
2287 2688 2432 2756 cap.
2462 2667 2560 2732 16.

322 2766 383 2842 ἓ.
426 2761 530 2826 24.
614 2762 785 2828 Item
846 2784 883 2824 a
906 2761 1337 2849 ,praefixione
1362 2761 1642 2827 termini
1667 2812 1688 2845 ,
1747 2761 1918 2828 intra
1973 2784 2170 2849 quem
2211 2765 2562 2852 Regularis

149 2863 489 2952 Episcopo
534 2882 671 2928 non
710 2861 1039 2945 subditus,
1080 2861 1194 2946 qui
1230 2861 1403 2931 intra
1444 2859 1746 2928 Claustra
1782 2861 2168 2930 Monasterii·
2185 2865 2406 2953 degat
2429 2917 2450 2952 ,
2495 2875 2564 2933 et

153 2974 345 3030 extra
391 2985 471 3030 ea
484 3011 494 3021 .
508 2963 601 3026 ita
642 2963 899 3028 notorie
939 2961 1290 3046 deliquerit
1314 3010 1335 3045 ,
1396 2970 1475 3028 ut
1512 2961 1770 3050 Populo
1815 2965 2130 3032 scandalo
2173 2966 2255 3033 sit
2272 3017 2293 3052 ,
2359 2991 2400 3032 a
2439 2989 2558 3034 3110

152 3063 519 3153 Superior-e
560 3063 780 3150 puniri
828 3062 1087 3146 debeat,
1126 3085 1203 3126 ac
1252 3061 1334 3126 de
1372 3061 1714 3150 punitione
1745 3064 1888 3152 ipse
1907 3064 2274 3154 Episcopus
2317 3066 2562 3134 certior

151 3166 323 3250 fieri,
377 3165 568 3249 juxta
606 3161 973 3228 Decretum
1019 3159 1209 3228 Sacri
1254 3160 1536 3228 Consilii
1579 3185 1738 3230 sess.
1779 3163 1883 3232 25.
1929 3165 2024 3230 de
2058 3163 2369 3251 Regular.
2416 3187 2560 3255 cap.

154 3267 255 3332 14.
271 3317 295 3350 ,
356 3273 423 3328 et
470 3263 695 3330 Const.
756 3263 871 3328 fel.
935 3282 1147 3327 recor.
1198 3259 1562 3329 Clementis
1602 3263 1736 3330 PP.
1779 3263 1970 3329 VIII.
1998 3313 2018 3348 ,
2081 3286 2247 3349 quae
2290 3266 2564 3354 incipitt

152 3364 489 3454 Suscepti·
513 3362 839 3430 muneris:
896 3361 1176 3432 Necnon
1214 3361 1550 3428 adversus.
1583 3363 2035 3451 punitionem,
2109 3373 2178 3430 et
2213 3366 2564 3432 correctio-

152 3489 311 3534 nem
354 3463 741 3532 eorumdem
780 3460 1229 3548 Regularium,
1274 3462 1385 3546 qui
1429 3461 1606 3530 cirea
1641 3462 1964 3531 Personas
2005 3465 2176 3530 intra
2219 3473 2406 3552 septa
2453 3465 2566 3530 de-

152 3573 391 3653 gentes
415 3612 436 3647 ,
502 3572 612 3628 aut
656 3563 835 3626 circa
884 3559 1271 3627 Clausuram
1313 3562 1526 3650 ipsam
1571 3562 2014 3648 deliquerint3
2073 3566 2264 3649 juxta
2305 3565 2564 3652 praedi-

156 3675 331 3732 ctam
380 3663 928 3732 Constitutionem
958 3660 1286 3746 Gregorii
1323 3662 1502 3746 XV„
1547 3683 1714 3748 quae
1753 3664 2024 3753 incipitz
2065 3665 2502 3732 Inscrutabili.

326 3766 388 3848 ξ.
424 3763 526 3830 25.
608 3763 781 3833 Item
822 3787 861 3826 a
894 3761 1227 3845 Censuris,
1270 3771 1383 3826 aut
1428 3763 1572 3828 aliis
1614 3765 2093 3852 provisionibus
2139 3775 2368 3832 contra
2389 3765 2566 3834 Con-

155 3865 536 3933 cubinarios
558 3913 581 3949 ,
641 3871 709 3929 et
742 3863 1133 3950 ptraesertim
1176 3861 1471 3934 Clericos
1531 3864 1727 3933 etiam
1765 3866 2123 3932 retinentes⁴
2164 3865 2380 3948 domi,
2455 3875 2570 3932 aut

156 3975 371 4048 extra,
407 3963 720 4030 Mulieres
756 3970 1119 4051 suspectas3
1157 3965 1347 4048 juxta
1370 3965 1848 4052 praescript-um
1877 3963 2066 4032 Sacri
2096 3964 2376 4034 Concilii
2402 3987 2566 4033 sess.

156 4067 262 4136 24.
306 4067 390 4132 de
432 4065 655 4132 Refor-
698 4063 983 4130 Matrim.
1028 4085 1173 4152 cap.
1212 4063 1274 4128 8.
1321 4073 1387 4128 et
1428 4085 1586 4131 sess.
1630 4064 1732 4131 25.
1777 4065 1862 4130 de
1901 4066 2127 4134 Refer.
2169 4085 2313 4156 cap.
2362 4067 2462 4132 14.

330 4167 391 4248 §-
434 4165 539 4232 26.
620 4164 793 4232 Item
833 4165 1147 4230 adversus
1192 4165 1624 4253 privationem
1663 4165 2009 4253 Privilegii
2045 4167 2202 4234 Feri
2226 4215 2244 4250 ‚
2285 4177 2358 4232 et
2403 4165 2564 4233 alias

158 4267 573 4358 provisiones
612 4275 837 4332 contra
859 4265 1151 4333 Clericos
1196 4287 1331 4330 non
1370 4266 1757 4334 incedentes
1789 4267 1860 4332 in
1885 4267 2134 4352 habitu,
2175 4277 2244 4334 et
2279 4276 2566 4350 tonsura,

158 4377 228 4436 et
262 4368 335 4437 in
368 4367 517 4434 aliis
561 4366 813 4443 casibus
860 4389 899 4430 a
936 4365 1141 4434 Sacro
1170 4363 1468 4433 Concilio
1517 4365 1936 4454 praescriptis
1978 4387 2138 4432 sess.
2181 4367 2284 4432 14.
2325 4363 2410 4430 dc
2434 4364 2564 4432 Re-

158 4471 349 4538 form.
394 4489 537 4555 cap.
582 4467 645 4531 6.
688 4475 753 4531 et
794 4487 951 4534 sess.
998 4465 1101 4532 23.
1143 4465 1465 4538 similiter,
1485 4487 1632 4553 cap.
1671 4466 1738 4532 6.
