2959 4984
360 252 663 310 Lxxxm.
735 250 1215 310 GONsTrrUTlo
1252 253 1353 308 DE
1390 251 2061 310 APPELLATIONIBUS
2096 253 2164 308 A.
2205 253 2360 310 1⁷42.
2457 256 2561 313 521

152 435 475 509 tanquam
520 422 947 512 Apostolicae
992 421 1189 492 Sedis
1234 421 1566 509 Delegato
1583 474 1604 507 ,
1665 423 1926 508 quando
1966 422 2264 490 illiterati
2278 473 2300 508 ,
2343 435 2409 492 et
2449 427 2565 492 im·

152 525 359 614 periti
388 522 873 592 Parochialium
894 521 1345 588 Ecclesiarum
1369 523 1688 590 Rectores
1735 523 1937 588 sacris
1982 524 2196 590 minus
2237 527 2372 612 apti
2415 537 2565 594 sunt

152 625 433 707 officiis;
484 647 634 690 cum
676 622 1119 708 assignatione
1162 623 1366 715 partis
1408 623 1741 688 fructuum
1769 643 1890 709 pro
1925 623 2276 690 sufficienti
2301 626 2566 694 illorum

151 725 383 792 victu:
432 723 715 790 Necnon
756 746 795 788 a
832 721 1278 810 suspensione,
1324 731 1522 806 atque
1563 723 1762 788 ctiam
1798 747 1837 789 a
1876 725 2241 811 privatione
2281 725 2568 811 illorum,

152 824 271 912 qui
317 825 623 912 turpiter,
666 832 733 888 et
780 821 1165 888 scandaloso
1209 821 1457 904 vivunt,
1501 832 1567 888 et
1602 831 1948 910 postquam
1975 828 2366 912 praemoniti
2399 839 2569 912 sunt,

148 944 227 1008 jn
276 949 397 992 sua
452 924 746 1009 nequitia
800 921 1287 1008 incorrigibiles
1334 931 1762 1010 perseverant
1780 971 1802 1005 ,
1857 925 2050 1008 juxta
2090 929 2568 1017 praescriptum

154 1024 459 1113 ejusdem
502 1022 781 1089 Concilii
824 1021 887 1087 d.
937 1043 1093 1088 sess.
1136 1021 1238 1087 21.
1280 1021 1361 1086 de
1403 1021 1692 1088 Reform.
1741 1045 1883 1111 cap.
1919 1024 1980 1092 6.

335 1127 393 1206 ἓ.
440 1125 541 1190 13.
623 1121 795 1189 Item
822 1144 861 1185 a
888 1120 1313 1186 translatione
1356 1121 1845 1188 Beneficiorum
1887 1124 2282 1212 simplicium
2298 1177 2318 1209 ,
2374 1127 2574 1194 etiam

147 1228 741 1314 Jurispatronatus,
784 1243 872 1286 ex
902 1219 1249 1304 Ecclesiis,
1294 1242 1461 1306 quae
1502 1231 1847 1307 vetustate,
1889 1224 2000 1288 vel
2038 1224 2196 1290 alias
2239 1227 2568 1316 collapsae

150 1327 309 1411 sint,
352 1335 419 1390 et
464 1326 547 1390 ob
590 1344 815 1388 eorum
859 1321 1151 1408 inopiam
1193 1331 1522 1406 nequeant
1563 1324 1932 1408 instaurari,
1973 1325 2222 1392 voeatis
2263 1326 2365 1410 iis,
2411 1351 2564 1413 quo-

150 1449 307 1494 rum
362 1425 673 1507 interest,
742 1423 812 1489 in
852 1421 1199 1505 Matrices,
1266 1431 1376 1488 aut
1432 1422 1593 1487 alias
1632 1422 1966 1490 Ecclesiae
1983 1473 2004 1508 ,
2071 1447 2221 1491 cum
2265 1429 2564 1496 omnibus

150 1524 648 1606 emolumentis,
722 1532 787 1588 et
846 1523 1151 1588 oneribus
1174 1544 1195 1584 .·
1258 1532 1453 1610 prout
1501 1523 1696 1588 etiam
1743 1549 1782 1590 a
1823 1525 2130 1592 Decretis
2175 1529 2562 1614 cogentibus

150 1628 503 1710 Patronos,
531 1625 868 1705 Rectores,
906 1622 1365 1705 Beneficiatos,
1406 1632 1518 1688 aut
1551 1623 2009 1709 Parochianos,
2055 1627 2192 1692 sive
2217 1627 2564 1717 Populum,

148 1728 241 1794 ad
270 1725 721 1806 refectionem,
760 1731 826 1788 et
848 1723 1384 1788 instaurationem
1413 1721 1863 1790 Ecclesiarum
1882 1725 2386 1812 Parochialium,
2430 1751 2560 1796 ser·-

146 1837 307 1894 vata
348 1827 561 1893 forma
606 1823 799 1892 Sacri
838 1822 1117 1890 Concilii
1166 1821 1231 1886 d.
1272 1843 1431 1914 sess.
1469 1823 1573 1888 21.
1617 1847 1759 1913 cap.
1805 1827 1864 1890 7.

330 1931 391 2011 §-
438 1929 537 1994 14.
620 1925 793 1991 Item
817 1947 857 1990 a
882 1922 1200 2005 censuris,
1240 1923 1778 2007 sequestratione,
1823 1933 1890 1990 et
1922 1925 2362 1994 subtractione
2391 1928 2564 1995 fruc-

148 2044 341 2098 tuum
355 2077 377 2111 ,
438 2036 551 2094 aut
608 2025 755 2090 aliis
814 2023 1327 2108 quibuscumque
1386 2024 1904 2111 provisionibus,
1945 2049 2066 2114 pro
2115 2027 2432 2112 cogendis
2477 2028 2562 2093 ad

150 2128 581 2200 residentiam
598 2124 937 2208 Pal-ochis,
952 2123 1361 2208 caeterisque
1384 2124 1704 2206 omnibuS,
1725 2125 1960 2210 quibus
1981 2123 2155 2192 Cura
2170 2127 2558 2194 Animarum

148 2228 469 2298 incumbit
493 2278 513 2312 ,
572 2227 765 2312 juxta
801 2225 1168 2294 Decretum
1214 2222 1514 2307 ejusdem
1567 2221 1758 2288 Sacri
1801 2222 2083 2292 Concilii
2123 2247 2282 2292 sess.
2324 2228 2425 2292 23.
2471 2227 2556 2292 de

145 2331 441 2400 Reform.
484 2349 627 2414 cap.
673 2327 731 2390 1.

318 2433 381 2511 ἓ.
432 2429 528 2494 15.
612 2427 785 2494 Item
825 2448 865 2490 a
910 2423 1347 2510 denegatione
1368 2472 1388 2506 ,
1432 2423 1893 2508 revocatione,
1939 2426 2364 2514 suspensione
2383 2473 2404 2508 ,
2447 2428 2558 2494 vel

146 2528 569 2600 restrictione
583 2577 603 2611 ,
650 2536 717 2592 et
756 2524 1139 2590 limitatione
1183 2523 1512 2589 facultatis
1555 2523 1864 2588 audiendi
1920 2523 2380 2592 Confessiones
2393 2576 2414 2609 ,
2455 2549 2554 2593 re-

148 2640 385 2722 spectu
422 2650 670 2710 eorum,
710 2626 822 2712 qui
862 2623 1247 2690 Parochiale
1280 2623 1689 2688 Beneficium
1729 2646 1862 2688 non
1901 2625 2215 2709 obtinent,
2259 2627 2458 2692 etiam
2499 2629 2558 2694 si

148 2730 397 2798 fuerint
438 2729 805 2815 Regulares
820 2777 841 2810 ,
880 2748 1001 2814 pro
1048 2723 1455 2813 excipiendis
1501 2722 2036 2792 Confessionibus
2077 2725 2554 2811 Saecularium,

150 2837 338 2921 juxta
380 2828 858 2896 ordinationem
902 2824 1089 2896 Sacri
1133 2823 1416 2892 Concilii
1458 2845 1618 2890 sese.
1659 2825 1762 2890 23.
1807 2849 1968 2915 cap.·
1999 2826 2122 2911 15„
2165 2838 2230 2892 et
2271 2827 2554 2894 Praede-

148 2953 493 3001 cessorum
523 2930 918 2996 Nostrorum
944 2925 1479 3009 Constitutiones,
1523 2949 1600 2990 ac
1644 2927 1998 3016 praecipue
2039 2929 2220 2994 illam
2263 2929 2374 2994 fel.
2418 2951 2554 2996 rec.

148 3032 515 3100 Clementis
555 3031 667 3114 X„
712 3049 877 3114 quae
920 3028 1189 3115 incipit3
1236 3025 1560 3114 Superna.

322 3136 385 3215 §-
432 3133 529 3197 16.
612 3131 783 3196 Item
824 3129 895 3194 in
928 3127 1063 3192 illis
1110 3121 1536 3210 Civitatibus,
1599 3139 1712 3194 aut
1754 3127 1989 3212 Locis,
2055 3129 2167 3194 ubi
2207 3130 2315 3194 vel
2356 3129 2554 3194 Paro-

146 3235 403 3302 chiales
440 3231 781 3298 Ecclesiae
822 3237 1035 3294 certos
1074 3248 1207 3292 non
1246 3226 1492 3291 habent
1541 3226 1734 3312 fines,
1801 3249 1925 3294 nec
1970 3251 2194 3294 earum
2235 3229 2554 3296 Rectores

140 3334 495 3426 proprium
534 3333 883 3421 Populum,
930 3351 1124 3416 quem
1166 3339 1419 3414 regant,
1466 3328 1586 3394 sed
1626 3328 1996 3416 promiscue
2033 3331 2407 3418 petentibus
2437 3327 2556 3396 Sa-

144 3445 491 3504 cramenta
529 3433 1016 3514 administrant,
1059 3432 1169 3496 vel
1208 3431 1405 3496 etiam
1442 3429 1664 3494 nullae
1708 3438 1860 3494 sunt
1891 3428 2336 3512 ParochialeS,
2378 3454 2417 3494 a
2463 3431 2556 3496 di-

141 3536 447 3617 visione,
501 3556 615 3600 seu
680 3534 1098 3600 distinctione
1134 3531 1608 3597 Parochiarum
1626 3581 1646 3614 ,
1713 3551 2065 3615 earumque
2119 3529 2554 3614 ordinatione,

142 3638 291 3706 sive
346 3634 755 3700 institutione
809 3634 881 3700 in
920 3633 1185 3698 titulum
1230 3640 1626 3721 perpetuum
1644 3678 1665 3714 ,
1723 3632 1912 3716 juxta
1956 3631 2320 3696 Decretum
2367 3628 2559 3698 Sacri

146 3736 440 3805 Concilii
484 3756 641 3800 sess.
682 3735 785 3800 24.
830 3733 913 3799 (16
948 3732 1237 3800 Reform.
1278 3755 1422 3820 cap.
1468 3731 1567 3796 13.

318 3838 379 3918 ἓ.
422 3837 519 3899 17.
604 3835 775 3898 Item
812 3857 857 3898 a
900 3832 1320 3918 deputatione
1361 3831 1638 3914 Vicarii,
1681 3831 1790 3896 vel
1835 3828 2221 3915 Oeconomi,
2265 3853 2417 3896 cum
2457 3855 2555 3899 as-

142 3935 521 4024 signatione
568 3933 919 4022 Congruae
938 3981 959 4016 ,
1022 3956 1145 4021 pro
1188 3943 1490 4021 tempore
1508 3979 1528 4015 ,
1605 3954 1733 4017 quo
1776 3941 1966 3998 vacat
2009 3931 2311 3998 Ecclesia
2359 3932 2556 4000 Paro-

144 4035 419 4102 chialisz
482 4035 687 4100 Prout
732 4034 929 4100 etiam
969 4035 1051 4098 ab
1091 4032 1451 4098 indictione
1496 4031 1905 4112 Concursus,
1948 4030 2270 4096 relatione
2317 4031 2556 4096 exami-

144 4146 476 4218 natorum,
518 4155 778 4200 necnon
816 4133 1285 4222 praelectione,
1332 4142 1397 4197 et
1435 4133 1810 4221 provisione
1857 4130 2170 4219 Episcopi
2211 4130 2279 4196 in
2322 4130 2559 4198 eodem

148 4237 523 4318 Concursu,
564 4236 757 4320 juxta
800 4233 1255 4300 definitionem
1292 4230 1488 4299 Sacri
1521 4231 1804 4298 concilii
1847 4230 2078 4298 eadem
2124 4250 2281 4295 sess.
2327 4230 2430 4297 24.
2478 4230 2562 4296 de

145 4337 447 4408 Reform.
490 4357 633 4424 cap.
678 4335 777 4400 18.

322 4437 383 4518 §-
430 4436 532 4503 18.
614 4437 787 4502 Item
840 4459 881 4500 a
926 4433 1252 4500 Mandatis
1264 4481 1287 4517 ,
1354 4453 1470 4498 seu
1511 4429 1821 4498 Decretis
1885 4429 2330 4498 inhibentibus
2371 4451 2560 4519 prae-
