2959 4984
412 284 516 342 124
714 285 857 336 xm.
930 285 1126 338 ossno
1166 285 1628 340 CELEBRANDI
1673 287 2079 344 GENERALIS
2115 290 2452 344 coneum.

416 455 527 520 bat
570 451 807 517 deinde
848 449 915 538 in
956 445 1253 537 generali
1298 448 1832 536 congregatione,
1883 450 2000 516 ubi
2035 473 2194 518 vero
2238 454 2622 542 praesidens
2649 455 2826 524 Con-

416 553 546 618 cilii
586 550 1096 640 praesidentium
1138 549 1628 638 deputationum
1695 559 1846 616 vota
1889 563 2320 637 cognoverat,
2389 556 2830 622 concludebat

416 653 679 718 nomine
724 650 920 716 totius
968 649 1261 716 Concilii.
1352 646 1717 736 Oportebat
1775 658 1990 715 tamen
2045 650 2234 716 illum
2279 654 2677 720 concludere
2721 679 2825 721 se-

419 752 700 818 cundum
745 750 1254 841 praesidentium
1296 757 1485 831 vota,
1531 749 1634 814 his
1673 750 1972 838 peractis,
2019 773 2166 816 cum
2200 773 2307 816 res
2351 753 2442 818 ita
2487 755 2826 843 exigebat,

424 852 683 943 publica
750 852 951 918 sessio
992 851 1417 917 indicebatur.
1495 850 1576 916 In
1635 851 1932 916 omnibus
1985 861 2202 918 tamen
2271 854 2705 942 supradictis,
2771 858 2825 922 si

412 953 592 1042 Papa
637 952 759 1018 erit
794 973 1135 1040 praesens,
1178 952 1319 1040 ipse
1362 950 1490 1015 erit
1527 959 1776 1033 rector,
1819 951 2227 1033 moderator,
2270 975 2344 1018 ac
2387 954 2824 1045 dispensator,

420 1063 487 1120 et
529 1053 1012 1141 deputationes,
1060 1051 1402 1138 Collegia,
1450 1052 1898 1137 magistratus,
1949 1061 2014 1116 et
2047 1074 2271 1118 rerum
2311 1055 2604 1121 omnium
2649 1059 2823 1124 ordi-

409 1177 561 1220 nem
600 1176 721 1243 pro
769 1175 883 1218 suo
932 1150 1196 1217 arbitrio
1240 1150 1603 1216 constituet.
1662 1151 1851 1235 Quae
1881 1151 2032 1217 ideo
2074 1154 2539 1238 recensuimus,
2585 1167 2664 1222 ut
2705 1183 2824 1247 po-

414 1255 569 1322 steri
621 1255 774 1320 hinc
834 1275 1069 1343 capere
1109 1253 1393 1342 possint,
1449 1275 1614 1338 quae
1657 1252 2056 1340 reipublicae
2099 1253 2309 1340 magis
2353 1257 2680 1344 expedire
2725 1259 2822 1324 vi-

412 1356 755 1422 debuntur.

1434 1521 1650 1613 Caput
1693 1523 1812 1590 IX.

898 1642 1001 1716 De
1036 1641 1314 1728 publica
1352 1644 1636 1706 sessione
1679 1655 1739 1705 et
1779 1642 1986 1705 saeris
2023 1641 2350 1727 precibus.

584 1779 892 1846 Publicae
956 1775 1279 1844 sessiones
1343 1774 1445 1841 his
1507 1774 1875 1840 cerimoniis
1933 1775 2248 1841 celebrari
2311 1787 2827 1843 consueverunt:

413 1881 788 1964 Antequam
832 1879 1042 1967 prima
1089 1875 1291 1942 sessio
1331 1877 1696 1942 celebretur
1717 1924 1737 1959 ,
1797 1875 2108 1940 indicitur
2147 1875 2442 1942 omnibus
2497 1875 2825 1942 Concilia-

406 1981 521 2046 riis
566 1977 932 2044 triduanum
975 1977 1307 2060 ieiunium,
1346 1976 1596 2042 deinde
1647 1984 1882 2042 statuta
1925 1975 2033 2041 die
2068 1974 2380 2040 Pontifex
2422 1999 2574 2041 curn
2615 1977 2826 2043 omni-

404 2083 523 2146 bus
566 2079 901 2162 PraelatiS,
950 2087 1016 2143 et
1056 2077 1217 2162 aliis,
1264 2077 1377 2162 qui
1424 2077 1747 2142 interesse
1793 2077 2054 2160 debent,
2097 2100 2172 2142 ac
2196 2077 2394 2144 Olero
2441 2098 2592 2142 cum
2637 2102 2825 2144 sacra

404 2200 681 2272 pompa,
727 2180 782 2245 si
820 2180 1072 2268 placet,
1116 2178 1296 2244 venit
1332 2178 1415 2243 ad
1462 2177 1690 2242 locum
1733 2167 2020 2262 consilii,
2069 2177 2180 2243 ubi
2221 2199 2342 2265 per
2381 2177 2600 2266 ipsum
2643 2179 2824 2246 Pon-

402 2281 665 2365 tificem,
710 2282 818 2346 vel
858 2281 1055 2346 alium
1096 2279 1486 2360 Praelatum,
1543 2287 1833 2343 cantatur
1876 2279 2071 2344 missa
2115 2278 2199 2343 de
2241 2277 2484 2345 Sancto
2535 2277 2820 2367 Spiritu,

404 2392 471 2448 et
512 2383 587 2447 fit
628 2382 929 2448 Pontifici
1003 2380 1374 2446 reverentia
1431 2401 1552 2468 per
1604 2377 1984 2444 Cardinales
2005 2427 2026 2461 ,
2094 2387 2162 2444 et
2193 2373 2437 2444 'omnes
2479 2377 2824 2444 Praelatos

404 2491 683 2572 paratos.
739 2482 821 2548 In
865 2482 1002 2546 aliis
1050 2481 1442 2546 sessionibus
1487 2503 1619 2544 non
1670 2479 1848 2546 solet
1892 2499 2152 2568 semper
2197 2478 2434 2544 cantari
2479 2479 2676 2544 missa
2721 2503 2825 2545 so-

406 2582 617 2650 lennis
658 2593 842 2665 ante,
890 2582 1009 2648 sed
1051 2582 1249 2671 Papa,
1290 2580 1512 2646 audita
1559 2579 1756 2646 missa
1793 2581 2044 2669 privata
2071 2630 2090 2664 ,
2131 2580 2312 2644 venit
2351 2579 2436 2644 ad
2480 2580 2830 2646 consilium

410 2707 556 2752 cum
597 2684 866 2772 pluviali
918 2685 1115 2747 rubro
1136 2727 1153 2756 ‚
1228 2691 1294 2746 et
1334 2682 1526 2746 mitra
1599 2681 1929 2770 preciosa,
2001 2689 2068 2746 et
2122 2681 2290 2746 faeta
2335 2680 2621 2745 oratione
2668 2691 2829 2747 ante

409 2785 675 2865 Altare,
719 2782 1009 2848 ascendit
1050 2783 1134 2846 ad
1174 2782 1403 2847 sedem
1447 2805 1628 2848 suam
1655 2832 1674 2865 ,
1720 2791 1786 2847 et
1828 2782 2123 2848 similiter
2171 2802 2396 2846 omnes
2441 2779 2548 2846 alii
2589 2781 2834 2846 sedent

409 2884 479 2949 in
518 2884 782 2949 sedibus
830 2883 957 2947 suis
999 2883 1522 2971 praenominatiS,
1573 2892 1640 2948 et
1682 2884 1758 2948 fit
1800 2883 1860 2948 ei
1897 2881 2266 2948 reverentia
2297 2905 2336 2944 a
2366 2879 2832 2948 Cardinalibus

413 3007 559 3050 eum
602 2984 731 3048 suis
777 2983 993 3072 cappis
1036 2983 1263 3067 laneiS,
1311 2984 1363 3048 si
1408 2983 1588 3073 prius
1631 3006 1764 3049 non
1797 2993 1898 3049 est
1924 2985 2123 3066 facta3
2175 2982 2414 3048 deinde
2443 2982 2571 3047 duo
2606 2983 2829 3049 senio-

415 3107 523 3151 res
548 3083 823 3150 Diaconi
862 3083 1191 3170 accipiunt
1230 3083 1619 3167 dalmaticaS,
1666 3094 1732 3148 et
1765 3107 1929 3150 unus
1977 3105 2202 3150 eorum
2245 3082 2476 3148 stolam
2517 3093 2583 3148 et
2617 3085 2827 3150 mani-

412 3185 639 3273 pulum
658 3233 679 3267 ,
723 3186 869 3269 quia
911 3193 1010 3248 est
1061 3193 1425 3250 cantaturus
1477 3184 1931 3272 Evangelium,
1974 3183 2424 3252 subdiaconus
2475 3185 2666 3250 etiam
2711 3211 2826 3276 pa-

413 3293 625 3366 ratur,
672 3285 909 3352 deinde
950 3287 1269 3351 accedunt
1312 3287 1397 3352 ad
1448 3285 1872 3369 Pontificem,
1923 3296 1988 3351 et
2028 3285 2370 3375 imponunt
2409 3285 2472 3351 ei
2515 3286 2829 3372 sandalia,

418 3397 486 3452 et
544 3387 774 3451 dicitur
818 3387 1154 3453 Psalmus:
1224 3387 1429 3466 Quam
1493 3389 1749 3454 dilecta.
1840 3388 2114 3454 Interim
2159 3387 2538 3453 Cardinales
2603 3397 2672 3452 et
2715 3390 2828 3454 alii

416 3487 699 3552 Praelati
739 3487 1061 3577 accipiunt
1100 3498 1475 3576 paramenta
1520 3490 1643 3556 sibi
1685 3489 2162 3573 convenientia,
2223 3511 2444 3553 omnes
2487 3488 2670 3555 rubri
2717 3513 2825 3556 co-

411 3587 607 3669 loris3
670 3588 963 3653 omnibus
1013 3589 1253 3654 indutis
1272 3638 1291 3673 ,
1358 3590 1830 3676 aliquantulum
1895 3591 2252 3676 quiescunt.
2335 3590 2520 3655 Tunc
2560 3589 2826 3656 silentio

411 3689 619 3772 facte,
674 3689 1003 3754 Diaconus
1048 3713 1087 3753 a
1134 3690 1382 3755 dextris
1430 3713 1740 3778 surgens,
1789 3692 1916 3756 alta
1957 3712 2118 3756 voce
2163 3690 2522 3779 praefatur:
2597 3689 2827 3756 Orate.

414 3787 502 3856 Et
560 3812 717 3854 mox
771 3798 901 3854 tam
940 3789 1249 3856 Pontifex
1310 3813 1508 3880 super
1560 3791 1993 3857 faldistorium
2048 3791 2171 3858 sibi
2227 3799 2559 3880 paratum,
2627 3811 2828 3874 quam

419 3890 528 3955 alii
572 3890 709 3954 sine
752 3889 943 3956 mitra
978 3889 1047 3955 in
1093 3899 1265 3955 terra
1301 3892 1640 3976 genuflexi
1682 3891 1958 3958 dicendo
1995 3900 2197 3975 orant,
2240 3893 2414 3957 versi
2441 3889 2526 3954 ad
2552 3888 2824 3956 Altarc:

408 4013 685 4076 surgens
748 3991 983 4055 deinde
1028 3991 1337 4056 Pontifex
1404 3993 1578 4057 solus
1594 4041 1615 4074 ,
1683 3991 1820 4056 aliis
1880 3991 2217 4080 prostratis
2267 3993 2824 4080 permanentibus,

406 4092 699 4158 absolute
744 4091 899 4157 dicit
934 4091 1103 4156 hanc
1142 4091 1499 4156 orationem
1551 4090 1620 4166 in
1647 4099 1799 4157 tono
1831 4091 2243 4181 competenti,
2286 4091 2631 4160 videlicet:
2678 4095 2824 4160 Ad-

413 4213 633 4256 sumus
649 4235 671 4269 ,
732 4189 1013 4256 Domine
1056 4191 1295 4258 Sancte
1338 4189 1667 4277 Spiritus,
1735 4192 2038 4258 adsumus
2096 4193 2350 4282 quidem
2403 4197 2670 4280 peccati
2711 4198 2827 4260 im-

409 4293 722 4355 manitate
767 4292 1040 4372 detenti,
1087 4292 1207 4356 sed
1249 4295 1320 4356 in
1362 4296 1621 4356 nomine
1669 4307 1776 4358 tuo
1821 4292 2198 4381 specialiter
2244 4299 2622 4384 ayyreqati,
2671 4301 2830 4362 vem'

413 4390 505 4455 ad
562 4413 718 4470 nos,
782 4407 843 4457 et
907 4407 1043 4457 esto
1100 4391 1463 4472 nobiscum,
1536 4406 1598 4457 et
1649 4394 1924 4482 diqnare
1968 4393 2164 4486 illabi
2203 4394 2509 4461 cordibus
2552 4401 2825 4462 nostris.

408 4489 591 4556 Doce
634 4515 771 4573 nos,
828 4494 988 4581 quid
1023 4515 1312 4580 ayamus,
1358 4516 1481 4582 quo
1517 4494 1904 4582 yradiamur
1936 4507 1996 4560 et
2033 4495 2312 4577 ostende,
2362 4497 2526 4583 quid
2554 4495 2823 4584 efficere
