2959 4984
405 296 513 352 114
878 297 998 347 XX.
1072 296 1271 347 ORDO
1312 293 1828 358 INQUISITIONIS
1866 296 1941 348 IN
1981 293 2290 345 SYNODO.

406 461 778 528 mutationis
828 462 1159 526 solvantur
1184 460 1479 524 Armatae
1527 481 1640 524 seu
1686 460 1884 534 medii
1929 461 2173 527 fructus
2217 461 2399 526 iuxta
2435 469 2657 526 taxam
2701 481 2816 524 so-

406 563 623 646 litam,
686 587 723 626 a
756 572 1052 649 tempore
1093 560 1522 647 possessionis
1565 559 1732 624 infra
1775 583 2014 626 annum
2036 609 2056 644 ,
2132 569 2200 624 et
2243 559 2534 627 debitum
2581 559 2818 626 huius-

406 661 585 728 modi
626 661 695 726 in
742 681 1181 726 successorem
1224 659 1291 722 in
1332 660 1668 724 Beneficio
1725 683 1860 725 non
1915 669 2216 726 transeat.
2302 661 2409 725 De
2451 659 2818 726 Beneficiis

404 786 564 829 vero
584 811 603 845 ,
646 783 811 848 quae
848 763 1139 826 valorem
1188 761 1421 847 viginti
1463 771 1738 846 quatuor
1781 764 2180 828 florenorum
2227 764 2308 828 de
2355 761 2629 828 Camera
2675 784 2821 826 non

409 865 769 943 excedunt,
810 861 973 926 nihil
1018 861 1303 926 solvatur
1324 909 1343 942 ,
1408 871 1750 947 curratque
1793 864 1954 928 haec
2001 862 2429 930 observantia
2474 861 2818 950 deincepS,

407 967 533 1034 nisi
580 987 721 1030 eam
764 961 1059 1027 similiter
1112 961 1181 1024 in
1235 962 1453 1025 futuro
1503 959 1796 1026 Concilio
1859 962 1944 1027 de
1991 962 2330 1029 Consensu
2369 961 2644 1026 nationis
2689 961 2819 1025 im-

409 1065 644 1132 mutari
683 1063 1035 1148 contingat.

572 1165 653 1228 In
695 1161 836 1228 aliis
880 1170 1115 1244 autem,
1158 1183 1323 1247 quae
1372 1183 1494 1249 per
1533 1161 1740 1226 felicis
1783 1161 2252 1228 recordationis
2292 1160 2646 1227 Dominum
2676 1159 2818 1224 Eu-

410 1265 679 1352 genium
722 1262 966 1350 Papam
1006 1271 1303 1346 quartum
1325 1311 1345 1344 ,
1408 1284 1528 1349 pro
1571 1260 1830 1329 natione
1871 1263 2200 1350 praefata,
2258 1283 2464 1347 usque
2513 1259 2596 1326 ad
2639 1269 2820 1326 tem-

407 1389 529 1454 pus
574 1363 773 1428 futuri
819 1361 1162 1428 Generalis
1203 1361 1475 1428 Concilii
1517 1363 1862 1450 permissa,
1909 1384 2246 1444 concessa,
2297 1361 2566 1444 indulta,
2607 1370 2818 1445 atque

412 1467 712 1544 decreta,
789 1471 855 1526 et
916 1484 1035 1549 per
1095 1471 1522 1526 memoratum
1587 1461 2052 1527 sanctissimum
2097 1463 2455 1528 Dominum
2511 1469 2822 1526 nostrum

406 1565 653 1652 Papam
693 1561 1039 1627 Nicolaum
1088 1562 1463 1626 confirmata
1507 1563 1692 1628 fuere
1710 1612 1729 1645 ,
1774 1563 1840 1627 in
1891 1572 2200 1648 quantum
2241 1563 2358 1628 illa
2403 1560 2822 1628 Concordiae

415 1663 741 1754 praesenti
782 1685 915 1726 non
958 1661 1236 1744 obviant,
1278 1662 1401 1726 ista
1444 1660 1587 1728 vice
1631 1661 1794 1726 nihil
1838 1663 2050 1726 extitit
2087 1663 2511 1728 immutatum.

570 1764 801 1828 Voluit
838 1762 1027 1827 etiam
1074 1772 1463 1827 memoratus
1487 1763 1806 1828 Dominus
1837 1763 2146 1848 Legatus,
2195 1761 2370 1848 quod
2409 1785 2604 1852 super
2627 1763 2820 1830 Con-

414 1865 692 1930 cordatis
738 1865 1183 1952 praesentibus
1205 1913 1225 1948 ,
1292 1866 1533 1952 singuli
1575 1865 2058 1955 Meti-cpolitani
2103 1865 2472 1953 praedictae
2505 1864 2819 1948 nationiS‚

412 1965 783 2054 petentibus
832 1964 1354 2051 quibuscunque,
1400 1976 1710 2052 quantum
1757 1989 1920 2054 opus
1973 1965 2064 2030 cis
2106 1964 2468 2047 videbitur,
2513 1968 2626 2030 sub
2681 1968 2826 2032 suis

412 2065 647 2150 sigillis
690 2074 1075 2130 transsumta
1120 2066 1477 2130 concedere
1522 2067 1780 2131 valeant
1801 2115 1821 2148 ,
1902 2066 2206 2151 quodque
2249 2066 2648 2130 transsumtis
2693 2067 2826 2131 eis-

410 2167 561 2231 dem
602 2165 670 2229 in
712 2165 962 2230 Iudicio
1006 2175 1071 2229 et
1112 2175 1297 2231 extra
1337 2175 1544 2231 stetur
1583 2175 1650 2231 et
1687 2166 2090 2249 adhibeatur,
2137 2175 2444 2250 tanquam
2484 2166 2634 2230 huic
2679 2167 2816 2230 ori-

404 2267 608 2354 ginali
657 2265 910 2349 cartae,
956 2290 1075 2354 per
1122 2268 1334 2331 omnia
1374 2268 1571 2354 plena
1615 2266 1799 2331 fides,
1889 2267 2018 2330 Per
2063 2268 2188 2335 hoc
2227 2275 2463 2349 autem,
2511 2263 2690 2350 quod
2756 2267 2826 2331 in

417 2367 841 2434 Concordatis
906 2370 1316 2452 huiusmodi,
1394 2369 1530 2434 sive
1589 2369 1920 2454 quibusvis
1987 2369 2128 2434 aliis
2185 2389 2414 2434 eorum
2467 2367 2820 2432 occasione

410 2469 827 2535 conficiendis
859 2469 1141 2552 Litteris,
1188 2479 1457 2558 propter
1497 2470 2072 2558 competentiorem
2099 2469 2626 2556 Descriptionem
2650 2468 2822 2533 Ala·

411 2569 620 2634 mania
662 2569 959 2656 specialis
1008 2570 1371 2657 appellatur
1414 2570 1588 2635 natio
1617 2617 1637 2652 ,
1681 2569 1822 2659 ipsa
1863 2569 2110 2635 censeri
2154 2591 2288 2636 non
2327 2569 2526 2634 debet
2567 2591 2606 2632 a
2639 2567 2822 2634 Ger-

406 2669 655 2734 manica
688 2668 948 2732 natione
996 2668 1310 2751 distincta,
1358 2691 1474 2733 seu
1522 2667 2010 2754 quomodolibet
2051 2676 2362 2756 separata.
2449 2666 2564 2731 Ad
2607 2666 2820 2732 fidem

404 2769 605 2853 igitur
662 2777 727 2830 et
768 2768 969 2832 robur
1014 2769 1301 2833 omnium
1343 2771 1846 2856 praemissorum
1887 2770 2028 2836 Nos
2069 2767 2443 2834 Fridericus
2482 2769 2814 2835 Romano-

402 2890 551 2931 rum
593 2867 759 2950 Rex,
802 2875 869 2930 et
904 2866 973 2932 «N
978 2889 1045 2930 os
1083 2868 1408 2933 Iohannes
1438 2868 1798 2934 Gai-dinalis
1828 2870 2116 2957 Legatus
2159 2867 2510 2957 supradicti
2545 2867 2814 2936 cartam

406 2976 815 3054 praesentem
854 2967 1090 3032 nostris
1132 2969 1433 3056 appensis
1474 2970 1918 3034 mandavimus
1962 2969 2340 3037 communiri
2371 2966 2649 3054 sigillis.
2701 2969 2819 3034 Ad

412 3067 789 3132 Mandatum
832 3066 1099 3160 Domini
1144 3068 1345 3153 Regis
1394 3069 1463 3134 in
1509 3069 1822 3135 Consilio.

716 3249 867 3316 XX.
958 3249 1191 3316 Ordo
1233 3251 1978 3337 inquisitionis-in
2025 3250 2472 3338 synodo*).

449 3399 687 3464 Forma
730 3393 813 3463 ad
858 3400 1307 3464 celebrandam
1350 3398 1698 3487 Synodum
1740 3401 2056 3488 laycalem
2098 3399 2454 3466 secundum
2492 3398 2776 3463 formam

1077 3501 1377 3566 scribtam
1423 3501 1668 3566 domini
1709 3501 2163 3566 WarmiensiS.

534 3649 917 3716 Franciscus
962 3652 1066 3716 dei
1108 3653 1331 3738 gracia
1354 3651 1718 3741 Episcopus
1738 3653 2172 3720 Warmiensis
2215 3653 2538 3718 Vniuersis
2578 3661 2650 3717 et
2687 3655 2816 3717 sin·

412 3751 586 3836 gulis
622 3750 1061 3818 Ecclesiarum
1095 3753 1575 3818 Parochialium
1597 3754 1982 3820 Rectoribus
2028 3764 2092 3818 et
2137 3777 2362 3819 eorum
2403 3755 2549 3818 loca
2591 3762 2818 3819 tenen·

414 3853 587 3916 tibus
628 3875 749 3940 per
792 3851 1039 3919 Sedem
1082 3852 1454 3940 Orutzburg
1496 3855 1854 3920 constitutis
1897 3853 2195 3921 Salutem
2238 3855 2306 3921 in
2349 3854 2634 3920 domino.
2677 3853 2814 3920 No-

412 3951 641 4018 ueritis
702 3953 878 4038 quod
924 3977 1043 4020 nos
1088 3954 1375 4019 officium
1417 3955 1810 4020 visitacionis
1851 3954 2293 4020 Ecclesiarum
2335 3954 2818 4021 Parochialium

416 4052 652 4137 exequi
682 4053 1017 4140 cupientes
1048 4053 1496 4122 constituimus
1525 4065 1588 4120 et
1617 4055 2002 4143 deputamus
2031 4054 2350 4122 dictarum
2375 4054 2816 4128 Ecclesiam-um

612 4297 663 4366 *)
699 4296 896 4351 Edidit
946 4294 1229 4352 Jacobson
1264 4297 1596 4352 Geschichte
1644 4299 1746 4353 der
1793 4299 2026 4368 Quellen
2090 4299 2188 4354 des
2236 4297 2672 4354 Kirchenrechts
2719 4299 2817 4352 des

412 4381 805 4438 Preussischen
844 4385 1029 4439 Staats
1078 4386 1131 4438 Τ.
1166 4383 1339 4438 Theil.
1395 4383 1437 4440 1.
1475 4385 1634 4440 Band
1688 4405 1742 4456 p.
1782 4387 1946 4458 (270).
2035 4385 2178 4442 Vide
2206 4385 2508 4442 Lehrbuch
2553 4385 2656 4441 des
2693 4385 2817 4440 Kir-

418 4467 747 4524 chem-echte
782 4474 829 4534 ς.
868 4471 990 4526 187.
1026 4475 1143 4525 not.
1180 4475 1231 4527 9.
