2959 4984
395 318 502 377 364
701 324 868 376 LXV.
943 324 1428 379 CONCORDATA
1470 323 2171 376 WIRTEMBERGENSIA
2208 326 2272 377 A.
2312 318 2469 376 1857.

391 487 850 577 potentiarium
905 486 1079 575 apud
1117 485 1525 572 Majestatem
1568 484 1770 553 Suam
1815 484 2135 552 Caesareo
2179 487 2389 573 Regio
2452 486 2797 577 Apostoli·
2855 486 2863 493 ’

392 608 534 652 cam
573 587 1044 677 Imperatorem
1089 585 1417 669 Austriae,
1467 593 1532 650 et
1570 610 1609 651 a
1658 585 1963 652 Consiliis
2009 586 2443 673 Legationum
2481 586 2799 654 Secretis.

561 688 694 771 Qui
725 684 1308 773 Plenipotentiarii,
1352 694 1503 773 post
1546 685 1669 751 sibi
1712 696 1935 751 mutuo
1968 686 2201 752 tradita
2242 686 2535 773 legitima
2572 697 2638 753 et
2680 712 2799 753 au-

388 788 673 853 theutica
715 791 868 854 s'uae
915 788 1186 872 quisque
1225 785 1735 875 plenipotentiae
1797 788 2260 872 instrumenta,
2336 788 2419 854 de
2466 788 2801 875 sequenti-

393 890 517 955 bus
563 889 846 954 articulis
889 896 1350 953 convenerunt.

554 986 702 1053 Art.
740 988 794 1053 I
868 985 1056 1052 Circa
1095 986 1537 1076 provisionem
1583 982 1779 1051 Sedis
1806 983 2212 1075 Episcopalis
2242 986 2794 1074 Rottemburgtsfii-

399 1088 522 1170 sis,
587 1085 1090 1153 Canonicatuum
1113 1136 1133 1169 ,
1191 1094 1256 1151 et
1296 1084 1825 1151 Praebendarum
1872 1082 2277 1151 Cathedmlis
2325 1085 2655 1151 Ecclesiae
2704 1108 2789 1151 ea

393 1196 640 1259 tantum
684 1190 1142 1271 servabuntur,
1221 1186 1302 1251 de
1363 1185 1592 1270 quibus
1648 1208 1794 1249 cum
1836 1182 2075 1253 Sancta
2117 1184 2355 1253 Sede
2327 1209 2466 1272 Jam
2508 1208 2789 1251 conven-

385 1294 523 1350 tum
567 1293 682 1351 est.

550 1384 698 1450 Art.
741 1385 832 1451 11.
917 1384 1282 1472 Episcopus
1345 1392 1687 1469 antequam
1740 1384 2076 1453 Ecclesiae
2132 1406 2286 1450 suae
2345 1387 2790 1472 gubernacula

395 1486 717 1575 suscipiat,
763 1508 975 1552 coram
1017 1486 1225 1572 Regia
1268 1482 1607 1571 Majestate
1650 1486 1979 1551 fidelitatis
2030 1487 2469 1572 juramentum
2510 1480 2791 1573 sequen-

390 1588 558 1653 tibus
598 1587 814 1653 verbis
859 1608 1242 1675 expressum
1285 1586 1573 1651 emittet:

560 1688 747 1775 „Ego
785 1688 937 1773 juro
1001 1696 1068 1751 et
1108 1688 1415 1777 promitto
1471 1688 1556 1752 ad
1598 1684 1837 1754 Sancta
1876 1687 2010 1754 Dei
2050 1688 2409 1775 Evangelia
2465 1688 2632 1753 sicut
2676 1687 2793 1753 de-

472 1796 576 1852 cet
611 1787 1044 1876 Episcopum,
1092 1788 1564 1872 obedientiam,
1628 1798 1693 1853 et
1730 1788 2114 1854 fidelitatem
2156 1790 2404 1875 Regiae
2444 1788 2794 1874 Majestati,

471 1896 537 1952 et
560 1884 1057 1953 Successoribus
1093 1886 1266 1970 Suis,
1300 1889 1451 1974 juro
1494 1887 1671 1972 item,
1719 1897 1784 1953 et
1818 1888 2148 1977 promitto,
2195 1912 2301 1954 me
2328 1888 2571 1953 nullam
2616 1911 2791 1955 com—

466 1986 965 2051 municationem
1024 1988 1412 2071 habit-urum,
1441 1988 1735 2073 nullique
1779 1988 2046 2054 consilio
2084 1988 2564 2074 interfuturum,
2608 1988 2789 2074 quod

465 2087 910 2171 tranquillitati
952 2088 1248 2176 publicae
1294 2097 1565 2173 noceat,
1620 2089 1996 2175 nullamque
2051 2098 2416 2177 suspectam
2454 2089 2789 2172 unionem,

467 2208 681 2273 neque
728 2188 916 2271 intra,
959 2210 1172 2273 neque
1218 2197 1403 2255 extra
1439 2189 1655 2275 Regni
1696 2189 1935 2255 limites
1980 2198 2507 2255 conservaturum
2526 2237 2547 2272 ,
2591 2196 2789 2274 atque

460 2288 517 2353 si
573 2286 906 2376 publicum
971 2288 1237 2373 aliquod
1288 2290 1653 2376 periculum
1712 2289 2053 2356 imminere
2103 2288 2485 2356 resciverim
2552 2308 2659 2352 me
2703 2287 2789 2352 ad

459 2384 627 2453 illud
681 2388 1108 2455 avertendum
1137 2389 1315 2467 ν1111111
1357 2389 1805 2454 omissurum.“

543 2487 689 2552 Art.
730 2486 855 2553 ΠΙ.
941 2488 1225 2574 Regium
1254 2488 1665 2555 Gubernium
1702 2511 1835 2556 non
1884 2487 2092 2553 deerit
2136 2486 2539 2575 obligationi,
2587 2508 2783 2573 quam

379 2606 639 2675 semper
681 2587 982 2673 agnovit,
1044 2588 1310 2653 dotandi
1352 2590 1420 2655 in
1465 2588 1683 2653 fundis
1730 2586 2065 2653 stabilibus
2112 2587 2607 2676 Episcopatum,
2674 2586 2791 2653 ubi

378 2688 667 2776 primum
708 2686 1080 2775 permiserit
1121 2696 1489 2775 temporum
1534 2689 1717 2753 ratio,
2408 2746 2417 2753 .
2475 2744 2477 2751 .

557 2783 704 2849 Art.
747 2784 867 2850 IV.
952 2784 1460 2870 Proiegimine
1514 2788 1855 2854 Dioecesis
1900 2786 2077 2855 Suae
2121 2786 2449 2876 Episcopo
2504 2809 2582 2852 ea
2636 2789 2791 2874 jura

389 2882 603 2947 omnia
647 2904 957 2948 exercere
997 2884 1276 2949 liberum
1321 2888 1476 2972 erit,
1526 2910 1687 2973 quae
1730 2888 1798 2953 in
1838 2889 1971 2953 vim
2010 2888 2355 2975 pastoralis
2392 2887 2553 2973 Ejus
2598 2889 2785 2954 mini·

389 2980 569 3047 sterii
614 2981 749 3046 sive
797 3003 882 3047 ex
931 2981 1380 3069 declaratione,
1425 2988 1561 3053 sive
1608 3010 1695 3053 ex
1738 2988 2159 3077 dispositione
2209 3011 2538 3054 sacrorum
2575 2986 2786 3055 Cano-

385 3105 544 3147 num
576 3084 768 3168 juxta
806 3093 1239 3171 praesentem,
1285 3096 1350 3150 et
1389 3112 1428 3151 a
1469 3086 1709 3154 Sancta
1751 3087 1931 3156 Sede
1980 3090 2399 3177 adprobatam
2446 3088 2786 3158 Ecclesiae

388 3181 792 3271 disciplinam
831 3182 971 3271 Ipsi
1019 3194 1393 3273 competunt
1433 3211 1507 3253 ac
1547 3190 1977 3276 praesertim:

466 3282 528 3367 a)
580 3284 897 3349 beneficia
939 3286 1154 3350 omnia
1205 3287 1493 3375 exceptis
1539 3289 1639 3372 iis,
1690 3311 1854 3375 quae
1896 3288 2033 3354 Iuri
2060 3288 2443 3356 Patronatus
2486 3291 2785 3378 legitime

574 3382 892 3468 adquisito
947 3386 1296 3471 subjacent,
1345 3389 1675 3472 conferre3

461 3482 530 3568 b)
577 3483 910 3548 Vicarium
955 3508 1142 3550 suum
1190 3486 1585 3553 Generalem
1602 3538 1623 3573 ,
1667 3498 1860 3575 atque
1905 3488 2453 3555 extraordinarios
2500 3489 2783 3557 Ordina-

570 3583 772 3649 riatus
817 3582 1238 3651 Consiliarios
1301 3611 1418 3654 seu
1461 3589 1865 3656 Adsessores
1906 3612 2030 3655 nec
2075 3614 2209 3656 non
2250 3593 2553 3658 Decanos
2594 3616 2778 3660 rura-

575 3684 674 3748 les
723 3686 990 3772 eligere,
1035 3687 1388 3773 nominare,
1437 3691 1546 3755 vel
1592 3691 2013 3774 confirmare3

455 3782 518 3867 c)
573 3782 890 3850 Examina
929 3794 1069 3849 tum
1110 3810 1230 3875 pro
1277 3784 1778 3877 recipiendis'in
1815 3788 2252 3857 Seminarium
2294 3793 2594 3877 alumniS,
2641 3802 2783 3859 tum

581 3906 702 3971 pro
744 3882 860 3967 iis,
918 3885 1150 3969 quibus
1194 3889 1511 3954 beneficia
1557 3898 1773 3955 curata
1817 3890 2211 3957 conferenda
2252 3902 2418 3977 sunt,
2460 3894 2781 3981 praescri·

566 3984 746 4066 bere,
791 3983 1080 4050 indicere
1126 3996 1192 4051 et
1232 3987 1559 4073 dirigere3

448 4082 533 4169 d)
582 4081 852 4150 Clericis
917 4109 1130 4151 sacros
1188 4088 1452 4153 ordines
1511 4091 1807 4155 conferre
1829 4140 1849 4173 ,
1916 4112 2051 4156 non
2094 4091 2304 4157 solum
2346 4093 2429 4158 ad
2474 4093 2700 4159 titulos
2743 4118 2781 4159 a

575 4183 772 4249 sacris
817 4187 1164 4253 canonibus
1207 4189 1595 4277 adprobatos
1612 4239 1632 4273 ,
1691 4190 1810 4255 sed
1855 4191 2045 4256 etiam
2083 4190 2167 4257 ad
2213 4192 2470 4257 titulum
2511 4213 2777 4259 mensae

572 4287 652 4351 ab
696 4286 839 4374 ipso
883 4288 1383 4375 assignandum3
2028 4318 2035 4323 ·

459 4383 525 4468 e)
575 4385 933 4451 secundum
979 4412 1308 4454 sacrorum
1339 4412 1657 4455 canonum
1683 4387 2079 4478 praescripta
2110 4412 2185 4455 ea
2212 4389 2425 4475 omnia
2452 4391 2779 4477 ordinare,

565 4504 732 4568 quae
776 4492 912 4550 tum
951 4487 1034 4552 ad
1076 4489 1364 4556 divinum
1417 4491 1661 4555 cultum
1677 4539 1698 4574 ,
1760 4497 1898 4555 tum
1938 4490 2022 4556 ad
2068 4488 2433 4560 functiones
2474 4494 2773 4561 ecclesia-
