2959 4984
556 239 671 291 XO.
746 237 999 291 CONST.
1043 239 1138 290 DE
1178 237 1469 291 tumens
1507 237 1910 292 MATRIMON.
1951 241 2014 292 A.
2059 237 2215 292 1741.
2488 239 2596 296 583

175 403 525 470 buendam
584 403 855 469 liberam
925 401 1333 488 Oonjugibus
1420 403 1798 468 facultatem
1862 425 2064 470 novas
2129 406 2384 496 nuptias
2457 430 2610 473 con-

182 503 518 570 trahendi.
604 501 765 588 Sed,
804 505 859 569 si
904 527 1097 570 causa
1138 503 1207 568 in
1250 504 1550 592 praefata
1591 503 2122 592 Congregatione
2169 507 2612 576 cardinalium

184 601 567 671 Tridentini
605 601 882 669 Concilii
921 604 1367 691 Interpretum
1420 605 1791 670 introducta
1834 607 2034 671 fuerit
2046 655 2067 691 ,
2127 631 2355 676 rursus
2394 610 2464 676 in
2507 633 2610 678 ea-

189 702 355 768 dem
376 757 397 788 ,
452 705 535 770 ad
580 703 965 769 Defensoris
1022 703 1418 770 Matrimonii
1470 705 1838 770 instantiam
1861 758 1883 791 ,
1945 719 2465 796 reproponatur3
2530 709 2605 780 Si

186 823 361 868 vero
408 804 923 891 congregationi
963 803 1336 892 particulari
1408 805 1754 872 commissa
1795 807 1994 872 fuerit
2011 856 2031 891 ,
2101 809 2186 873 ad
2225 811 2611 898 petitionem

188 902 499 989 ejusdem
537 905 925 970 Defensoris
944 952 963 984 ,
1031 903 1235 970 altera
1298 905 1498 970 etiam
1539 907 1946 993 particularis
1999 907 2446 997 Congregatio
2490 911 2602 976 de·

191 1004 577 1092 putabitur-3
650 1003 725 1072 Si
787 1026 945 1071 vero
1008 1003 1076 1070 in
1117 1004 1353 1070 Palatii
1412 1006 1622 1070 nostri
1667 1005 2018 1072 Auditorio
2053 1007 2346 1093 judicata
2391 1009 2510 1092 sit,
2571 1036 2610 1078 a

188 1102 495 1192 praefato
538 1103 904 1170 Defensore
946 1104 1388 1192 appellatione
1426 1104 1827 1192 interposita,
1869 1108 1950 1171 ab
1989 1106 2130 1172 aliis
2168 1107 2598 1176 Auditoribus

180 1202 386 1288 juxta
432 1203 729 1268 ordinem
772 1206 841 1268 in
884 1225 1144 1290 gyrum,
1188 1223 1304 1268 seu
1344 1212 1610 1270 turnum
1639 1205 2018 1290 definiatur;
2057 1205 2132 1274 Si
2155 1219 2374 1274 autem
2407 1233 2597 1278 causa

187 1303 507 1368 universo
565 1303 901 1370 Tribunali
962 1303 1303 1369 commissa
1364 1305 1562 1368 fuerit
1583 1356 1602 1388 ,
1659 1307 1742 1372 ab
1801 1307 2100 1374 omnibus
2157 1308 2588 1377 Auditoribus

188 1425 423 1469 rursus
478 1404 981 1470 examinabitur:
1042 1404 1339 1470 nolentes
1400 1405 1698 1488 omnino,
1753 1415 1828 1472 ut
1872 1408 2009 1475 ullo
2062 1408 2132 1474 in
2191 1431 2341 1476 casu
2382 1411 2606 1476 Matri·

188 1504 401 1570 monii
443 1505 774 1569 vinculum
818 1503 1206 1570 dissolutum
1250 1513 1608 1588 censeatur,
1651 1507 1776 1572 nisi
1820 1507 1950 1574 duo
1988 1509 2299 1594 judicata,
2343 1511 2452 1576 vel
2493 1532 2596 1577 re·

192 1605 581 1688 solutiones,
616 1613 727 1670 aut
770 1603 1148 1672 Sententiae
1195 1605 1453 1693 penitus
1493 1605 1774 1690 similes,
1833 1617 1900 1672 et
1941 1611 2342 1694 conformes,
2387 1635 2426 1675 a
2467 1611 2606 1697 qui-

189 1708 323 1772 bus
366 1725 579 1790 neque
624 1705 786 1769 Pars
812 1753 832 1787 ,
892 1725 1107 1789 neque
1148 1703 1479 1772 Defensor
1519 1705 1912 1772 Matrimonii
1965 1707 2318 1776 crediderit
2381 1713 2602 1800 appel-

190 1805 491 1890 landum,
532 1805 995 1873 emanaverint.
1092 1803 1291 1887 Quod
1334 1804 1389 1868 si
1430 1825 1618 1870 secus
1669 1805 1910 1872 factum
1957 1806 2156 1872 fuerit
2175 1859 2197 1892 ,
2259 1819 2328 1876 et
2365 1834 2608 1878 novum

192 1908 435 1972 initum
470 1904 957 1972 Matrimonium
982 1953 1003 1987 ,
1048 1912 1310 1971 nostrae
1349 1905 1702 1970 voluntatis
1745 1905 2121 1992 hujusmodi
2163 1917 2606 1996 transgresso-

194 2029 313 2074 res
355 2007 587 2096 poenis
628 2031 667 2071 a
710 2004 939 2087 Nobis,
983 2014 1057 2069 ut
1098 2027 1313 2092 supra,
1357 2006 1612 2070 statutis
1651 2007 2128 2074 submittantur.

376 2108 437 2188 ξ.
488 2108 587 2172 15.
673 2105 761 2170 Et
816 2104 1122 2190 qnoniam
1180 2125 1379 2192 saepe
1434 2105 1610 2191 apud
1657 2103 1908 2172 Sedem
1953 2108 2403 2196 Apostolicam
2465 2133 2612 2200 pre-

192 2229 311 2273 ces
352 2206 613 2296 porrigi·
664 2206 877 2273 solent
918 2227 1039 2294 pro
1078 2203 1560 2293 dispensatione
1583 2205 1980 2272 Matrimonii
2013 2208 2160 2291 rati,
2197 2218 2264 2274 et
2297 2233 2429 2276 non
2461 2235 2611 2278 eon—

200 2307 545 2388 summati,
610 2325 777 2390 quae
823 2315 897 2370 ut
939 2305 1289 2393 plurimum
1330 2327 1451 2393 pro
1497 2315 1652 2371 voto
1693 2307 2052 2374 consultivo
2097 2309 2181 2374 ad
2225 2308 2610 2398 Congrega—

190 2409 443 2474 tionem
496 2406 568 2474 S.
608 2407 687 2472 R.
730 2405 809 2472 E.
856 2403 1303 2470 Oardinalium
1334 2403 1612 2483 Concilii
1655 2405 2116 2493 Interpretum,
2163 2410 2274 2474 vel
2314 2433 2607 2480 nonnun-

192 2529 396 2594 quam
450 2507 537 2572 ad
568 2507 877 2596 jaliquam
924 2504 1521 2592 Congregationem
1580 2505 2046 2593 particularem
2083 2507 2458 2597 deputatam
2476 2561 2496 2595 ,
2563 2538 2604 2579 a

189 2608 507 2676 Romanis
550 2606 975 2672 Pontificibus
1015 2625 1137 2692 pro
1180 2613 1477 2693 tempore
1519 2605 1766 2670 remitti
1811 2606 2065 2689 solent3
2109 2617 2184 2672 ut
2221 2609 2598 2695 hujusmodi

190 2707 547 2773 instantiae
587 2706 840 2790 ordine,
890 2727 967 2770 ac
1003 2704 1129 2770 rite
1172 2704 1552 2793 procedant,
1590 2705 1890 2772 volumus
1905 2758 1925 2791 ,
1963 2729 2042 2772 ac
2079 2709 2482 2794 mandamus,
2523 2721 2602 2778 ut

194 2807 484 2896 supplex
522 2805 783 2872 libellus
826 2805 1035 2872 Nobis
1051 2852 1071 2887 ,
1132 2805 1241 2870 vel
1283 2805 1576 2870 Romano
1618 2805 1928 2872 Pontifici
1975 2828 2094 2895 pro
2143 2817 2440 2898 tempore
2485 2805 2597 2878 ex-

190 2908 519 2990 hibeatur,
562 2907 630 2972 in
668 2927 797 2992 quo
837 2907 1053 2994 plena,
1098 2915 1165 2972 et
1206 2913 1503 2970 accurata
1543 2907 1744 2972 totius
1784 2907 1937 2973 facti
1986 2910 2240 2996 species
2269 2912 2598 2978 continea-

192 3016 323 3090 tur,
370 3028 731 3092 causaeque
778 3026 1007 3073 omnes
1050 3007 1118 3071 in
1160 3027 1239 3072 eo
1282 3007 1768 3094 exprimantur,
1837 3029 2002 3093 quae
2051 3009 2134 3074 ad
2181 3010 2600 3078 obtinendam

193 3107 471 3197 petitam
514 3109 1067 3196 dispensationem
1110 3107 1484 3174 conducere
1549 3130 1740 3195 posse
1803 3133 1842 3174 a
1884 3111 2294 3199 supplicante
2333 3134 2598 3180 censen·

190 3219 338 3293 tur,
394 3218 469 3274 ut
509 3209 837 3274 Romanus
880 3207 1209 3291 Pontifex,
1254 3229 1333 3272 eo
1378 3208 1574 3290 lecto,
1617 3217 1684 3272 et
1721 3218 1974 3275 mature
2020 3211 2447 3295 considerato,
2497 3235 2594 3278 se—

194 3329 347 3374 cum
402 3308 765 3374 deliberare
808 3308 1047 3397 possit,
1086 3330 1169 3372 an
1208 3307 1596 3396 petitionem
1637 3308 1894 3392 rejiciat
1917 3357 1936 3392 ,
1985 3311 2097 3375 vel
2139 3311 2280 3396 ejus
2324 3333 2602 3378 examen

186 3408 389 3474 alicui
430 3430 518 3474 ex
558 3407 751 3472 dictis
798 3407 1439 3495 Congregationibus
1485 3407 1878 3492 committat3
1923 3433 1962 3474 a
2005 3430 2135 3494 qua
2171 3419 2596 3498 posteaquam

188 3531 381 3576 suum
440 3518 667 3574 votum
712 3508 1147 3573 consultivum
1196 3507 1443 3572 editum
1485 3507 1684 3573 fuerit
1708 3559 1728 3592 ,
1789 3533 1828 3574 a
1871 3507 2242 3576 Secretario
2301 3511 2597 3596 ejusdem

194 3609 758 3697 congregationis
816 3608 1017 3674 totius
1062 3607 1323 3694 *negotii
1386 3609 1592 3674 series
1655 3619 1888 3676 exacte
1941 3610 2234 3679 Romano
2295 3610 2600 3676 Pontifici

186 3733 313 3800 pro
360 3720 657 3798 tempore
700 3709 1039 3791 referatur,
1086 3709 1197 3794 qui
1238 3731 1357 3796 pro
1401 3731 1518 3773 sua
1558 3707 1906 3796 prudentia
1935 3710 2280 3795 judicabit,
2305 3734 2390 3775 an
2417 3709 2588 3777 Con-

189 3811 605 3899 gregationis
643 3808 983 3876 Resolutio
1038 3809 1123 3873 sit
1162 3808 1588 3896 approbanda
1610 3856 1632 3891 ,
1685 3809 1794 3874 vel
1862 3810 2077 3898 potius
2121 3811 2318 3876 totius
2361 3833 2593 3876 causae

186 3930 467 3976 examen
509 3910 697 3974 alteri
748 3907 1286 3996 Congregationi,
1322 3908 1433 3972 vel
1469 3907 1829 3992 Tribunali,
1870 3919 2066 3998 prout
2106 3908 2326 3975 eidem
2367 3909 2590 3976 Ponti·

184 4011 299 4076 fici
340 4009 691 4092 videbitur,
731 4031 955 4074 rursus
1002 4007 1558 4074 committendum.

354 4113 415 4191 ξ.
464 4112 563 4178 16.
646 4110 936 4176 Demum
962 4110 1289 4192 volumus,
1328 4131 1405 4172 ac
1434 4106 1872 4192 decernimus,
1921 4108 2182 4174 casdem
2207 4121 2588 4200 praesentes

182 4211 409 4278 literas
451 4231 712 4297 semper
750 4210 992 4294 firmas,
1035 4208 1305 4291 validas,
1348 4216 1413 4271 ct
1456 4206 1754 4272 efficaces
1795 4208 2101 4290 existere,
2149 4221 2216 4275 et
2237 4211 2380 4277 fore
2409 4234 2588 4277 suos-

182 4331 315 4398 que
356 4311 685 4400 plenarios
702 4359 722 4393 ,
786 4319 853 4374 et
894 4310 1191 4395 integros
1236 4308 1512 4373 effectus
1561 4305 1840 4390 sortiri,
1877 4315 1946 4372 et
1991 4307 2284 4376 obtinere
2306 4360 2326 4394 ,
2386 4335 2462 4377 ac
2505 4315 2586 4378 ab

176 4411 345 4495 illis,
388 4412 472 4476 ad
514 4431 677 4496 quos
720 4418 1006 4500 spectat,
1048 4419 1117 4474 et
1157 4429 1279 4498 pro
1320 4417 1620 4492 tempore
1665 4403 2204 4493 quandocumque
2245 4413 2588 4499 spectabit,
