2959 4984
431 306 466 359 6
901 304 1026 357 ·111.
1096 301 1472 357 MARGULFI
1506 299 1910 359 FORHULAE
1950 300 2348 359 SELEGTAE.

435 472 544 537 vel
597 472 912 537 insidiosa
951 470 1331 565 munuscula
1351 517 1372 552 ‚
1439 488 1657 552 neque
1698 469 1892 535 etiam
1950 468 2343 535 caballorum
2385 477 2607 555 pastus
2632 520 2653 555 ,
2718 481 2831 537 aut

435 571 852 661 paravereda,
895 572 1005 635 vel
1045 577 1332 638 caeteras
1379 569 1699 655 angarias,
1738 578 1849 635 aut
1891 568 1961 633 in
2004 568 2437 655 quodcunque
2478 570 2829 637 functionis

433 673 691 739 titulum
735 673 862 739 dici
909 680 1126 760 potest
1143 720 1166 754 ,
1232 671 1316 736 de
1374 671 1515 759 ipsa
1570 670 1873 737 facultate
1928 671 2187 759 penitus
2248 694 2383 737 non
2441 671 2829 755 requiratur,

437 771 554 837 sed
599 772 718 837 sub
759 770 1021 857 integra
1069 770 1418 835 emunitate
1459 770 1893 835 facultaticula
1927 768 2089 858 ipsa,
2126 770 2291 837 sicut
2330 793 2369 835 a
2408 790 2515 833 me
2556 770 2687 835 huc
2724 792 2829 835 us-

433 892 560 957 que
616 892 920 958 possessa
977 878 1111 953 est,
1180 870 1250 935 in
1295 869 1440 935 iure
1504 870 1767 935 oratorii
1818 871 2021 935 sancti
2075 870 2173 935 illi
2228 878 2294 935 et
2348 870 2829 957 praedictorum

435 991 797 1058 pauperum
839 970 1120 1039 debeant
1139 1018 1160 1052 ,
1223 970 1374 1035 Deo
1431 975 1825 1057 ‘protegente
1890 978 1959 1035 et
1994 971 2350 1057 opitulante
2368 1019 2387 1053 ,
2440 968 2829 1058 persistere;

325 1097 330 1102 ·
435 1070 559 1135 nisi
605 1079 852 1138 tantum
915 1070 1116 1137 sancti
1173 1078 1240 1135 et
1279 1069 1617 1157 apostolici
1676 1068 1851 1133 illius
1906 1070 2085 1135 urbis
2132 1069 2475 1159 Episcopi,
2536 1070 2607 1135 in
2650 1071 2829 1137 cuius

435 1169 676 1257 oppido
723 1170 1196 1235 exsenodocius
1231 1170 1374 1257 ipse
1431 1169 1727 1257 ponitur,
1792 1192 1915 1257 pro
1976 1170 2309 1237 tradendis
2364 1171 2829 1237 benedictioni-

437 1270 556 1333 bus
600 1269 710 1335 vel
752 1268 1218 1335 substituendis
1260 1268 1626 1336 Abbatibus
1647 1316 1668 1351 ,
1728 1268 2142 1355 Presbyteris
2182 1292 2443 1356 quoque
2486 1280 2553 1336 et
2593 1272 2827 1338 Diaco-
2951 1286 2952 1313 ³

433 1368 667 1451 nibus,
733 1371 980 1453 absque
1038 1368 1174 1432 ulla
1231 1368 1649 1455 pecuniarum
1708 1369 2077 1458 adeptione.
2162 1370 2469 1459 Amplius
2510 1393 2668 1437 vero
2714 1371 2829 1436 do-

433 1468 650 1551 nandi,
693 1467 1027 1553 exigendi,
1063 1467 1172 1533 vel
1214 1467 1549 1545 minuendi
1591 1490 1846 1533 causam
1876 1470 2121 1535 nullam
2151 1471 2387 1536 habeat
2412 1479 2823 1558 potestatem.

437 1564 578 1632 Sed
616 1589 740 1633 nec
779 1588 901 1654 per
930 1555 1450 1633 commutationis
1507 1568 1723 1633 locum
1776 1568 2118 1654 quicquam
2176 1591 2265 1635 ex
2320 1570 2449 1635 hoc
2492 1570 2833 1636 auferendi

437 1666 617 1731 nullo
663 1674 956 1754 tempore
1001 1666 1247 1731 occasio
1290 1666 1400 1731 vel
1439 1666 1650 1733 aditus
1695 1668 2049 1751 tribuatur,
2094 1668 2213 1735 sed
2257 1670 2785 1758 perpetualiter
2764 1694 2835 1735 ιιι

435 1776 755 1856 potestate
795 1766 1070 1855 praefati
1133 1766 1394 1833 oratorii
1457 1766 1660 1833 sancti
1708 1767 1881 1833 illius
1947 1768 2057 1833 vel
2100 1770 2393 1857 ipsorum
2450 1791 2831 1858 pauperum,

384 1892 394 1901 ’
441 1866 700 1935 Christo
743 1868 1022 1950 favente,
1067 1876 1462 1955 permaneat.
1546 1868 1693 1933 Hoc
1740 1868 1931 1933 etiam
1974 1867 2132 1956 ipsis
2172 1868 2591 1935 Pontificibus
2640 1872 2824 1935 obse-

441 1990 550 2033 cro
596 1968 705 2033 vel
749 1967 1076 2033 committo
1095 2015 1116 2050 ‚
1179 1978 1252 2032 ut
1291 1968 1440 2033 illos
1486 1990 1606 2055 per
1650 1969 2143 2035 succedentibus
2191 1970 2629 2057 temporibus,
2688 1994 2834 2037 cum
2951 2020 2952 2023 ,

441 2090 622 2133 casus
663 2067 886 2133 mortis
929 2066 1253 2151 extiterit,
1313 2068 1679 2135 Abbatibus
1732 2078 1845 2133 aut
1890 2068 2163 2135 Clericis
2204 2070 2315 2133 vel
2370 2070 2639 2156 reliquis
2686 2070 2833 2137 Gle-

435 2168 718 2233 ricorum
751 2167 1000 2253 gradus
1041 2168 1111 2233 in
1153 2168 1386 2233 eodem
1423 2168 1569 2233 loco
1606 2168 1959 2254 dignentur
2002 2170 2111 2234 vel
2154 2169 2432 2235 debeant
2474 2170 2835 2257 instituere,

439 2290 602 2353 quos
656 2266 969 2355 sapientia
1010 2276 1076 2333 et
1117 2268 1394 2333 eruditio
1437 2268 1903 2356 scripturarum
1946 2270 2286 2354 clarificat,
2354 2271 2463 2335 vel
2506 2294 2667 2357 quos
2707 2273 2839 2337 vita

438 2376 654 2433 sancta
697 2376 764 2433 et
805 2368 971 2435 aetio
1010 2370 1181 2433 bona
1217 2378 1330 2433 aut
1375 2368 1779 2435 conversatio
1823 2368 2095 2435 honesta
2134 2370 2558 2437 commendat.
2635 2372 2834 2439 Unde

437 2470 705 2533 obsecro
756 2468 1270 2535 clementissimis
1311 2467 1606 2555 Regibus
1666 2477 1797 2533 tam
1850 2470 2299 2555 praesentibus
2356 2493 2549 2556 quam
2596 2473 2831 2539 futuris

438 2576 508 2631 et
555 2567 850 2635 omnibus
913 2568 985 2633 in
1023 2570 1174 2635 Deo
1221 2568 1563 2656 Episcopis
1628 2568 2051 2654 omnibusque
2092 2570 2525 2640 Potestatibus
2560 2596 2638 2639 ac
2691 2573 2831 2639 Pri-

437 2667 710 2734 matibus
724 2716 745 2749 ,
816 2690 1040 2733 omnes
1084 2668 1276 2733 etiam
1313 2665 1624 2733 Seniores
1645 2716 1665 2751 ,
1725 2690 2143 2754 quoscunque
2186 2670 2447 2737 Iudices
2496 2693 2640 2737 esse
2683 2694 2829 2737 con-

437 2768 698 2851 stiterit,
737 2789 859 2855 per
898 2766 1298 2833 ineffabilem
1325 2767 1456 2833 Dei
1502 2767 2033 2854 omnipotentiam
2074 2778 2139 2835 et
2174 2792 2297 2859 per
2336 2771 2829 2859 inseparabilem

437 2866 617 2933 Patri
679 2876 746 2932 et
783 2866 953 2931 Filio
1015 2875 1080 2931 et
1120 2864 1394 2954 Spiritui
1437 2864 1678 2933 Sancto
1724 2868 2105 2935 Trinitatem
2130 2918 2152 2953 ,
2208 2878 2283 2935 ut
2337 2871 2463 2937 hac
2500 2871 2861 2937 voluntate·

438 2988 584 3033 mea
623 2988 745 3053 pro
785 2967 984 3031 nullis
1029 2967 1488 3049 occasionibuS‚
1532 2966 1699 3033 sicut
1737 2968 2059 3035 existente
2102 2969 2241 3037 sine
2284 2971 2432 3037 Deo
2478 2970 2827 3058 cupiditate

435 3088 544 3131 res
589 3066 772 3153 exigi
811 3066 1011 3150 solet,
1063 3066 1242 3131 nulla
1279 3066 1531 3132 ratione
1570 3068 1883 3153 nulloque
1932 3077 2227 3158 tempore
2271 3070 2642 3135 convellere
2682 3075 2826 3159 per-

436 3164 699 3234 mittatis
719 3214 740 3249 ‚
785 3166 904 3231 sed
947 3188 1068 3255 per
1111 3166 1616 3235 sollicitudinem
1660 3176 1726 3234 et
1772 3192 1989 3233 curam
2026 3168 2334 3258 Episcopi
2378 3180 2671 3235 constare
2714 3194 2827 3259 po-

435 3266 560 3331 tius
604 3289 728 3353 pro
768 3268 1135 3340 reverentia
1176 3268 1507 3333 Trinitatis
1562 3268 1915 3336 immensae
1974 3279 2193 3337 vestro
2247 3280 2543 3361 tempore
2590 3280 2659 3335 et
2698 3280 2828 3337 stu-

439 3365 544 3431 dio
589 3367 700 3431 vel
737 3388 940 3454 opere
978 3367 1292 3451 iubeatis,
1277 3392 1291 3407 ·
1335 3376 1651 3453 quatenus
1695 3377 1769 3433 ut
1810 3378 1879 3435 et
1917 3370 2032 3435 ille
2074 3370 2257 3436 vobis
2306 3372 2678 3437 mercedem
2726 3393 2826 3437 re-

437 3466 658 3531 stituat
694 3465 763 3532 in
803 3466 1020 3531 futuro
1069 3466 1179 3552 qui
1223 3467 1342 3533 scit
1383 3490 1491 3533 me
1528 3468 1965 3555 eleemosynis
2023 3470 2183 3558 ipsis
2225 3471 2461 3537 sanctis
2502 3472 2635 3537 Dei
2673 3495 2829 3561 pau-

437 3565 704 3655 peribus
745 3590 867 3654 pro
909 3588 1130 3634 amore
1163 3567 1433 3651 Domini
1477 3568 1685 3633 nostri
1721 3569 1876 3634 Iesu
1920 3568 2163 3635 Christi
2204 3572 2461 3637 ardenti
2505 3572 2831 3639 desiderio

443 3667 764 3733 tribuisse.
848 3667 927 3733 Si
972 3667 1114 3751 quis
1159 3667 1314 3733 huic
1347 3646 1663 3736 voluntati
1696 3692 1881 3737 meae
1918 3693 2038 3758 pro
2081 3671 2477 3756 quibuslibet
2516 3672 2825 3738 adinven-

438 3767 716 3836 tionibus
755 3789 872 3833 seu
920 3767 1452 3856 oppositionibus,
1498 3769 1663 3833 sicut
1702 3770 1982 3837 mundus
2027 3772 2291 3840 cottidie
2337 3773 2581 3839 artibus
2628 3782 2698 3837 et
2736 3774 2829 3839 in-

437 3866 646 3953 geniis
693 3867 954 3953 expolio
1000 3867 1248 3951 obvius,
1290 3868 1400 3933 vel
1442 3869 1791 3957 repetitor,
1836 3871 2179 3937 convulsor
2224 3872 2437 3957 etiam,
2478 3881 2591 3938 aut
2630 3873 2832 3959 tergi-

435 3975 726 4032 versator
791 3966 1118 4050 extiterit,
1181 3968 1521 4036 anathema
1560 3969 1679 4051 sit3
1746 3978 1811 4033 et
1854 3978 1983 4035 tam
2043 3970 2153 4055 qui
2216 3972 2443 4039 fecerit
2485 3995 2677 4057 quam
2720 3973 2833 4057 qui

435 4063 734 4137 faciendo
779 4067 1178 4133 consenserit
1197 4116 1218 4151 ,
1276 4068 1621 4137 anathema
1656 4068 1777 4152 sit3
1844 4078 1911 4133 et
1952 4070 2118 4136 sicut
2158 4071 2421 4137 Dathan
2464 4080 2531 4138 et
2571 4071 2835 4139 Abiron

435 4166 614 4235 hiatu
653 4174 866 4231 terrae
907 4167 1192 4255 absorpti
1238 4176 1404 4252 sunt,
1444 4169 1671 4238 vivens
1704 4169 1775 4235 in
1810 4168 2135 4235 infernum
2164 4170 2535 4256 descendat,
2578 4180 2647 4239 et
2680 4196 2833 4239 cum
2951 4240 2952 4255 ¹

433 4264 612 4331 Ziczi
645 4265 892 4331 fraudis
933 4276 1293 4335 mercatore
1342 4278 1408 4335 et
1447 4269 1517 4335 in
1560 4271 1889 4357 praesenti
1931 4280 1998 4337 et
2034 4270 2104 4337 in
2143 4273 2359 4339 futuro
2408 4274 2629 4339 seculo
2678 4298 2828 4363 par-
2951 4280 2952 4291 ’

437 4375 569 4434 tem
610 4366 1032 4436 damnationis
1077 4369 1398 4459 excipiat5
1473 4379 1538 4434 et
1596 4380 1747 4438 tunc
1799 4371 2054 4439 veniam
2100 4383 2528 4461 consequatur
2572 4376 2839 4459 quando

443 4475 904 4535 consecuturus
963 4479 1062 4536 est
1086 4478 1168 4535 ·et
1208 4470 1501 4537 diabolus
1526 4519 1547 4553 ,
1612 4470 1723 4557 qui
1780 4493 1925 4541 sese
1982 4473 2270 4543 fallendo
2330 4473 2621 4544 aetheria
2672 4477 2842 4545 sede
2951 4484 2952 4575 ᾗ
