<?xml version="1.0" encoding="UTF-8"?>
<!DOCTYPE html PUBLIC "-//W3C//DTD XHTML 1.0 Transitional//EN"
    "http://www.w3.org/TR/xhtml1/DTD/xhtml1-transitional.dtd">
<html xmlns="http://www.w3.org/1999/xhtml" xml:lang="en" lang="en">
 <head>
  <title>
</title>
<meta http-equiv="Content-Type" content="text/html;charset=utf-8" />
  <meta name='ocr-system' content='tesseract 3.04.00' />
  <meta name='ocr-capabilities' content='ocr_page ocr_carea ocr_par ocr_line ocrx_word'/>
</head>
<body>
  <div class='ocr_page' id='page_1' title='image "./fontesiuriseccl00waltgoog_0350.png"; bbox 0 0 2959 4984; ppageno 0'>
   <div class='ocr_carea' id='block_1_1' title="bbox 381 248 2259 307">
    <p class='ocr_par' dir='ltr' id='par_1_1' title="bbox 381 248 2259 307">
     <span class='ocr_line' id='line_1_1' title="bbox 381 248 2259 307; baseline 0.003 -12"><span class='ocrx_word' id='word_1_1' title='bbox 381 252 490 307; x_wconf 74' lang='grc'>330</span> <span class='ocrx_word' id='word_1_2' title='bbox 921 248 1560 301; x_wconf 77' lang='lat' dir='ltr'>OBERRHEINISOHE</span> <span class='ocrx_word' id='word_1_3' title='bbox 1602 248 2259 303; x_wconf 68' lang='lat' dir='ltr'>KIRCHENPROWNZ.</span> 
     </span>
    </p>
   </div>
   <div class='ocr_carea' id='block_1_2' title="bbox 379 410 2797 903">
    <p class='ocr_par' dir='ltr' id='par_1_2' title="bbox 379 410 2797 903">
     <span class='ocr_line' id='line_1_2' title="bbox 383 410 2791 501; baseline -0.002 -18"><span class='ocrx_word' id='word_1_4' title='bbox 383 416 646 484; x_wconf 83' lang='lat' dir='ltr'>habitati</span> <span class='ocrx_word' id='word_1_5' title='bbox 668 464 688 499; x_wconf 92' lang='lat'>,</span> <span class='ocrx_word' id='word_1_6' title='bbox 753 415 822 479; x_wconf 88' lang='lat' dir='ltr'>in</span> <span class='ocrx_word' id='word_1_7' title='bbox 879 414 1020 501; x_wconf 90' lang='lat' dir='ltr'>ipso</span> <span class='ocrx_word' id='word_1_8' title='bbox 1069 410 1404 478; x_wconf 80' lang='lat' dir='ltr'>Coenobio</span> <span class='ocrx_word' id='word_1_9' title='bbox 1461 436 1610 479; x_wconf 87' lang='lat' dir='ltr'>cum</span> <span class='ocrx_word' id='word_1_10' title='bbox 1671 413 1949 479; x_wconf 78' lang='lat' dir='ltr'><strong>adnexis</strong></span> <span class='ocrx_word' id='word_1_11' title='bbox 1988 412 2283 479; x_wconf 79' lang='lat' dir='ltr'><strong>Ecclesia</strong></span> <span class='ocrx_word' id='word_1_12' title='bbox 2336 422 2533 499; x_wconf 86' lang='lat' dir='ltr'>atque</span> <span class='ocrx_word' id='word_1_13' title='bbox 2591 414 2791 479; x_wconf 83' lang='lat' dir='ltr'>horto</span> 
     </span>
     <span class='ocr_line' id='line_1_3' title="bbox 387 512 2795 602; baseline -0.002 -18"><span class='ocrx_word' id='word_1_14' title='bbox 387 516 702 584; x_wconf 84' lang='lat' dir='ltr'>stabiliter</span> <span class='ocrx_word' id='word_1_15' title='bbox 745 513 1131 599; x_wconf 89' lang='lat' dir='ltr'>erigendum</span> <span class='ocrx_word' id='word_1_16' title='bbox 1175 512 1655 597; x_wconf 89' lang='lat' dir='ltr'>constituimus,</span> <span class='ocrx_word' id='word_1_17' title='bbox 1722 514 1978 602; x_wconf 86' lang='lat' dir='ltr'>ipsique</span> <span class='ocrx_word' id='word_1_18' title='bbox 2020 514 2444 599; x_wconf 84' lang='lat' dir='ltr'>assignandos</span> <span class='ocrx_word' id='word_1_19' title='bbox 2492 514 2795 579; x_wconf 89' lang='lat' dir='ltr'>decerni-</span> 
     </span>
     <span class='ocr_line' id='line_1_4' title="bbox 383 612 2793 701; baseline -0.002 -18"><span class='ocrx_word' id='word_1_20' title='bbox 383 641 522 683; x_wconf 86' lang='lat' dir='ltr'>mus</span> <span class='ocrx_word' id='word_1_21' title='bbox 563 638 810 681; x_wconf 90' lang='lat' dir='ltr'>annuos</span> <span class='ocrx_word' id='word_1_22' title='bbox 853 612 1148 679; x_wconf 90' lang='lat' dir='ltr'>redditus</span> <span class='ocrx_word' id='word_1_23' title='bbox 1186 612 1422 701; x_wconf 87' lang='lat' dir='ltr'>partim</span> <span class='ocrx_word' id='word_1_24' title='bbox 1467 636 1555 679; x_wconf 87' lang='lat' dir='ltr'>ex</span> <span class='ocrx_word' id='word_1_25' title='bbox 1598 614 1877 699; x_wconf 77' lang='lat' dir='ltr'><strong>antiquis</strong></span> <span class='ocrx_word' id='word_1_26' title='bbox 1924 614 2063 679; x_wconf 90' lang='lat' dir='ltr'>eius</span> <span class='ocrx_word' id='word_1_27' title='bbox 2108 615 2361 697; x_wconf 86' lang='lat' dir='ltr'>fundis,</span> <span class='ocrx_word' id='word_1_28' title='bbox 2422 636 2595 679; x_wconf 83' lang='lat' dir='ltr'>anno</span> <span class='ocrx_word' id='word_1_29' title='bbox 2640 614 2793 679; x_wconf 84' lang='lat' dir='ltr'>mil-</span> 
     </span>
     <span class='ocr_line' id='line_1_5' title="bbox 379 712 2797 803; baseline -0.003 -19"><span class='ocrx_word' id='word_1_30' title='bbox 379 718 610 784; x_wconf 89' lang='lat' dir='ltr'>lesimo</span> <span class='ocrx_word' id='word_1_31' title='bbox 665 713 1202 801; x_wconf 83' lang='lat' dir='ltr'>octingentesimo</span> <span class='ocrx_word' id='word_1_32' title='bbox 1268 722 1455 780; x_wconf 87' lang='lat' dir='ltr'>sexto</span> <span class='ocrx_word' id='word_1_33' title='bbox 1510 714 1822 780; x_wconf 88' lang='lat' dir='ltr'>restitutis</span> <span class='ocrx_word' id='word_1_34' title='bbox 1880 714 2117 803; x_wconf 86' lang='lat' dir='ltr'>partim</span> <span class='ocrx_word' id='word_1_35' title='bbox 2178 736 2265 781; x_wconf 88' lang='lat' dir='ltr'>ex</span> <span class='ocrx_word' id='word_1_36' title='bbox 2314 712 2797 803; x_wconf 81' lang='lat' dir='ltr'>posterioribus</span> 
     </span>
     <span class='ocr_line' id='line_1_6' title="bbox 381 814 2796 903; baseline -0.002 -20"><span class='ocrx_word' id='word_1_37' title='bbox 381 816 812 883; x_wconf 87' lang='lat' dir='ltr'>dotationibus</span> <span class='ocrx_word' id='word_1_38' title='bbox 855 823 919 879; x_wconf 91' lang='lat' dir='ltr'>et</span> <span class='ocrx_word' id='word_1_39' title='bbox 955 814 1193 901; x_wconf 84' lang='lat' dir='ltr'>legatis</span> <span class='ocrx_word' id='word_1_40' title='bbox 1233 815 1731 901; x_wconf 87' lang='lat' dir='ltr'>provenientes,</span> <span class='ocrx_word' id='word_1_41' title='bbox 1798 838 1874 879; x_wconf 87' lang='lat' dir='ltr'>ac</span> <span class='ocrx_word' id='word_1_42' title='bbox 1924 814 2300 879; x_wconf 87' lang='lat' dir='ltr'>termillium</span> <span class='ocrx_word' id='word_1_43' title='bbox 2341 814 2796 903; x_wconf 76' lang='lat' dir='ltr'>septingento-</span> 
     </span>
    </p>
   </div>
   <div class='ocr_carea' id='block_1_3' title="bbox 253 913 2801 997">
    <p class='ocr_par' dir='ltr' id='par_1_3' title="bbox 253 913 2801 997">
     <span class='ocr_line' id='line_1_7' title="bbox 253 913 2801 997; baseline -0.002 -13"><span class='ocrx_word' id='word_1_44' title='bbox 253 934 258 939; x_wconf 84' lang='lat'>&#39;</span> <span class='ocrx_word' id='word_1_45' title='bbox 380 941 526 985; x_wconf 88' lang='lat' dir='ltr'>rum</span> <span class='ocrx_word' id='word_1_46' title='bbox 563 918 962 983; x_wconf 87' lang='lat' dir='ltr'>florenorum</span> <span class='ocrx_word' id='word_1_47' title='bbox 1005 936 1318 979; x_wconf 88' lang='lat' dir='ltr'>summam</span> <span class='ocrx_word' id='word_1_48' title='bbox 1359 914 1843 997; x_wconf 88' lang='lat' dir='ltr'>constituentes,</span> <span class='ocrx_word' id='word_1_49' title='bbox 1884 914 2071 979; x_wconf 90' lang='lat' dir='ltr'>firma</span> <span class='ocrx_word' id='word_1_50' title='bbox 2110 915 2305 980; x_wconf 87' lang='lat' dir='ltr'>etiam</span> <span class='ocrx_word' id='word_1_51' title='bbox 2342 913 2801 981; x_wconf 85' lang='lat' dir='ltr'>recentissima</span> 
     </span>
    </p>
   </div>
   <div class='ocr_carea' id='block_1_4' title="bbox 305 1013 2795 4508">
    <p class='ocr_par' dir='ltr' id='par_1_4' title="bbox 377 1013 2795 2201">
     <span class='ocr_line' id='line_1_8' title="bbox 383 1013 2795 1102; baseline -0.002 -19"><span class='ocrx_word' id='word_1_52' title='bbox 383 1028 450 1083; x_wconf 95' lang='lat' dir='ltr'>et</span> <span class='ocrx_word' id='word_1_53' title='bbox 489 1015 816 1084; x_wconf 84' lang='lat' dir='ltr'>uberrima</span> <span class='ocrx_word' id='word_1_54' title='bbox 855 1014 1183 1081; x_wconf 88' lang='lat' dir='ltr'>dotatione</span> <span class='ocrx_word' id='word_1_55' title='bbox 1227 1014 1432 1101; x_wconf 90' lang='lat' dir='ltr'>ipsius</span> <span class='ocrx_word' id='word_1_56' title='bbox 1472 1015 1693 1079; x_wconf 85' lang='lat' dir='ltr'>favore</span> <span class='ocrx_word' id='word_1_57' title='bbox 1735 1015 1932 1098; x_wconf 86' lang='lat' dir='ltr'>facta,</span> <span class='ocrx_word' id='word_1_58' title='bbox 1982 1037 2103 1080; x_wconf 90' lang='lat' dir='ltr'>nec</span> <span class='ocrx_word' id='word_1_59' title='bbox 2142 1038 2277 1081; x_wconf 92' lang='lat' dir='ltr'>non</span> <span class='ocrx_word' id='word_1_60' title='bbox 2318 1014 2461 1079; x_wconf 89' lang='lat' dir='ltr'>aliis</span> <span class='ocrx_word' id='word_1_61' title='bbox 2502 1013 2795 1102; x_wconf 80' lang='lat' dir='ltr'>inposte-</span> 
     </span>
     <span class='ocr_line' id='line_1_9' title="bbox 385 1113 2787 1203; baseline -0.002 -19"><span class='ocrx_word' id='word_1_62' title='bbox 385 1142 529 1185; x_wconf 88' lang='lat' dir='ltr'>rum</span> <span class='ocrx_word' id='word_1_63' title='bbox 571 1118 789 1181; x_wconf 79' lang='lat' dir='ltr'>forsan</span> <span class='ocrx_word' id='word_1_64' title='bbox 830 1114 1161 1197; x_wconf 78' lang='lat' dir='ltr'>faciendiS,</span> <span class='ocrx_word' id='word_1_65' title='bbox 1209 1137 1480 1199; x_wconf 87' lang='lat' dir='ltr'>quarum</span> <span class='ocrx_word' id='word_1_66' title='bbox 1526 1114 1819 1179; x_wconf 87' lang='lat' dir='ltr'>redditus</span> <span class='ocrx_word' id='word_1_67' title='bbox 1873 1113 2088 1179; x_wconf 87' lang='lat' dir='ltr'>eidem</span> <span class='ocrx_word' id='word_1_68' title='bbox 2132 1113 2499 1181; x_wconf 84' lang='lat' dir='ltr'>Seminario</span> <span class='ocrx_word' id='word_1_69' title='bbox 2543 1136 2787 1203; x_wconf 87' lang='lat' dir='ltr'>perpe-</span> 
     </span>
     <span class='ocr_line' id='line_1_10' title="bbox 385 1211 2783 1301; baseline -0.002 -18"><span class='ocrx_word' id='word_1_70' title='bbox 385 1227 494 1283; x_wconf 90' lang='lat' dir='ltr'>tuo</span> <span class='ocrx_word' id='word_1_71' title='bbox 545 1223 734 1281; x_wconf 88' lang='lat' dir='ltr'>erunt</span> <span class='ocrx_word' id='word_1_72' title='bbox 769 1213 1136 1279; x_wconf 77' lang='lat' dir='ltr'><strong>addicendi.</strong></span> <span class='ocrx_word' id='word_1_73' title='bbox 1203 1211 1393 1279; x_wconf 91' lang='lat' dir='ltr'>Idem</span> <span class='ocrx_word' id='word_1_74' title='bbox 1441 1212 1705 1279; x_wconf 89' lang='lat' dir='ltr'>demum</span> <span class='ocrx_word' id='word_1_75' title='bbox 1748 1212 2148 1301; x_wconf 82' lang='lat' dir='ltr'>disponimus</span> <span class='ocrx_word' id='word_1_76' title='bbox 2192 1213 2277 1279; x_wconf 90' lang='lat' dir='ltr'>de</span> <span class='ocrx_word' id='word_1_77' title='bbox 2316 1214 2537 1279; x_wconf 90' lang='lat' dir='ltr'>Domo</span> <span class='ocrx_word' id='word_1_78' title='bbox 2582 1214 2783 1279; x_wconf 90' lang='lat' dir='ltr'>Eme-</span> 
     </span>
     <span class='ocr_line' id='line_1_11' title="bbox 383 1311 2793 1397; baseline -0 -17"><span class='ocrx_word' id='word_1_79' title='bbox 383 1316 655 1381; x_wconf 85' lang='lat' dir='ltr'>ritorum</span> <span class='ocrx_word' id='word_1_80' title='bbox 698 1311 1499 1377; x_wconf 84' lang='lat' dir='ltr'>Pfaffenschwabenhemii</span> <span class='ocrx_word' id='word_1_81' title='bbox 1544 1312 1865 1377; x_wconf 80' lang='lat' dir='ltr'>existente</span> <span class='ocrx_word' id='word_1_82' title='bbox 1887 1362 1908 1396; x_wconf 91' lang='lat'>,</span> <span class='ocrx_word' id='word_1_83' title='bbox 1974 1336 2049 1379; x_wconf 90' lang='lat' dir='ltr'>ac</span> <span class='ocrx_word' id='word_1_84' title='bbox 2104 1312 2422 1379; x_wconf 85' lang='lat' dir='ltr'>destinata</span> <span class='ocrx_word' id='word_1_85' title='bbox 2462 1314 2793 1397; x_wconf 79' lang='lat' dir='ltr'>fovendis,</span> 
     </span>
     <span class='ocr_line' id='line_1_12' title="bbox 383 1410 2791 1499; baseline -0 -19"><span class='ocrx_word' id='word_1_86' title='bbox 383 1424 449 1481; x_wconf 91' lang='lat' dir='ltr'>et</span> <span class='ocrx_word' id='word_1_87' title='bbox 491 1412 924 1479; x_wconf 81' lang='lat' dir='ltr'>sustentandis</span> <span class='ocrx_word' id='word_1_88' title='bbox 969 1410 1239 1477; x_wconf 86' lang='lat' dir='ltr'>Clericis</span> <span class='ocrx_word' id='word_1_89' title='bbox 1280 1420 1390 1477; x_wconf 89' lang='lat' dir='ltr'>aut</span> <span class='ocrx_word' id='word_1_90' title='bbox 1431 1412 1615 1477; x_wconf 89' lang='lat' dir='ltr'>senio</span> <span class='ocrx_word' id='word_1_91' title='bbox 1654 1410 1845 1477; x_wconf 86' lang='lat' dir='ltr'>fessis</span> <span class='ocrx_word' id='word_1_92' title='bbox 1884 1423 1997 1477; x_wconf 84' lang='lat' dir='ltr'>aut</span> <span class='ocrx_word' id='word_1_93' title='bbox 2040 1415 2266 1479; x_wconf 89' lang='lat' dir='ltr'>morbo</span> <span class='ocrx_word' id='word_1_94' title='bbox 2306 1414 2548 1497; x_wconf 77' lang='lat' dir='ltr'>fractiS,</span> <span class='ocrx_word' id='word_1_95' title='bbox 2595 1436 2791 1499; x_wconf 88' lang='lat' dir='ltr'>quam</span> 
     </span>
     <span class='ocr_line' id='line_1_13' title="bbox 377 1510 2791 1603; baseline -0 -23"><span class='ocrx_word' id='word_1_96' title='bbox 377 1513 640 1603; x_wconf 85' lang='lat' dir='ltr'>praevia</span> <span class='ocrx_word' id='word_1_97' title='bbox 675 1510 1134 1601; x_wconf 85' lang='lat' dir='ltr'>suppressione</span> <span class='ocrx_word' id='word_1_98' title='bbox 1168 1510 1485 1579; x_wconf 82' lang='lat' dir='ltr'>Coenobii</span> <span class='ocrx_word' id='word_1_99' title='bbox 1530 1512 1685 1577; x_wconf 90' lang='lat' dir='ltr'>olim</span> <span class='ocrx_word' id='word_1_100' title='bbox 1729 1536 1769 1577; x_wconf 89' lang='lat' dir='ltr'>a</span> <span class='ocrx_word' id='word_1_101' title='bbox 1810 1511 2151 1578; x_wconf 85' lang='lat' dir='ltr'>Canonicis</span> <span class='ocrx_word' id='word_1_102' title='bbox 2180 1514 2621 1599; x_wconf 88' lang='lat' dir='ltr'>Regularibus</span> <span class='ocrx_word' id='word_1_103' title='bbox 2656 1513 2791 1581; x_wconf 86' lang='lat' dir='ltr'>Or-</span> 
     </span>
     <span class='ocr_line' id='line_1_14' title="bbox 382 1611 2793 1699; baseline 0 -20"><span class='ocrx_word' id='word_1_104' title='bbox 382 1614 548 1679; x_wconf 86' lang='lat' dir='ltr'>dinis</span> <span class='ocrx_word' id='word_1_105' title='bbox 600 1611 723 1681; x_wconf 86' lang='lat' dir='ltr'>Sti.</span> <span class='ocrx_word' id='word_1_106' title='bbox 769 1611 1125 1699; x_wconf 87' lang='lat' dir='ltr'>Augustini</span> <span class='ocrx_word' id='word_1_107' title='bbox 1177 1612 1519 1677; x_wconf 87' lang='lat' dir='ltr'>inhabitati</span> <span class='ocrx_word' id='word_1_108' title='bbox 1536 1660 1557 1694; x_wconf 91' lang='lat'>,</span> <span class='ocrx_word' id='word_1_109' title='bbox 1620 1611 1689 1676; x_wconf 90' lang='lat' dir='ltr'>in</span> <span class='ocrx_word' id='word_1_110' title='bbox 1745 1611 2066 1697; x_wconf 88' lang='lat' dir='ltr'>huiusque</span> <span class='ocrx_word' id='word_1_111' title='bbox 2133 1612 2451 1680; x_wconf 87' lang='lat' dir='ltr'>Coenobii</span> <span class='ocrx_word' id='word_1_112' title='bbox 2512 1612 2793 1679; x_wconf 86' lang='lat' dir='ltr'>Fabrica</span> 
     </span>
     <span class='ocr_line' id='line_1_15' title="bbox 379 1711 2783 1800; baseline -0.002 -19"><span class='ocrx_word' id='word_1_113' title='bbox 379 1714 682 1781; x_wconf 88' lang='lat' dir='ltr'>constitui</span> <span class='ocrx_word' id='word_1_114' title='bbox 723 1713 1140 1779; x_wconf 81' lang='lat' dir='ltr'>mandamus:</span> <span class='ocrx_word' id='word_1_115' title='bbox 1208 1722 1274 1777; x_wconf 90' lang='lat' dir='ltr'>et</span> <span class='ocrx_word' id='word_1_116' title='bbox 1324 1711 1505 1777; x_wconf 89' lang='lat' dir='ltr'>cuius</span> <span class='ocrx_word' id='word_1_117' title='bbox 1554 1711 1797 1777; x_wconf 89' lang='lat' dir='ltr'>dotatio</span> <span class='ocrx_word' id='word_1_118' title='bbox 1848 1736 2125 1778; x_wconf 87' lang='lat' dir='ltr'>annuam</span> <span class='ocrx_word' id='word_1_119' title='bbox 2164 1714 2417 1800; x_wconf 82' lang='lat' dir='ltr'>profert</span> <span class='ocrx_word' id='word_1_120' title='bbox 2456 1736 2783 1780; x_wconf 88' lang='lat' dir='ltr'>summam</span> 
     </span>
     <span class='ocr_line' id='line_1_16' title="bbox 383 1812 2789 1900; baseline -0.001 -18"><span class='ocrx_word' id='word_1_121' title='bbox 383 1818 778 1882; x_wconf 88' lang='lat' dir='ltr'>florenorum</span> <span class='ocrx_word' id='word_1_122' title='bbox 817 1815 999 1879; x_wconf 88' lang='lat' dir='ltr'>mille</span> <span class='ocrx_word' id='word_1_123' title='bbox 1035 1814 1558 1900; x_wconf 85' lang='lat' dir='ltr'>octingentorum</span> <span class='ocrx_word' id='word_1_124' title='bbox 1605 1812 1839 1898; x_wconf 87' lang='lat' dir='ltr'>viginti</span> <span class='ocrx_word' id='word_1_125' title='bbox 1888 1812 2165 1879; x_wconf 88' lang='lat' dir='ltr'>duorum</span> <span class='ocrx_word' id='word_1_126' title='bbox 2182 1862 2203 1895; x_wconf 93' lang='lat'>,</span> <span class='ocrx_word' id='word_1_127' title='bbox 2245 1813 2415 1878; x_wconf 86' lang='lat' dir='ltr'>ultra</span> <span class='ocrx_word' id='word_1_128' title='bbox 2463 1835 2573 1896; x_wconf 90' lang='lat' dir='ltr'>ea,</span> <span class='ocrx_word' id='word_1_129' title='bbox 2618 1834 2789 1898; x_wconf 86' lang='lat' dir='ltr'>quae</span> 
     </span>
     <span class='ocr_line' id='line_1_17' title="bbox 379 1912 2791 2001; baseline -0.002 -18"><span class='ocrx_word' id='word_1_130' title='bbox 379 1915 670 1983; x_wconf 86' lang='lat' dir='ltr'>Subsidii</span> <span class='ocrx_word' id='word_1_131' title='bbox 711 1914 1089 1981; x_wconf 86' lang='lat' dir='ltr'>Charitativi</span> <span class='ocrx_word' id='word_1_132' title='bbox 1133 1914 1394 1979; x_wconf 90' lang='lat' dir='ltr'>nomine</span> <span class='ocrx_word' id='word_1_133' title='bbox 1457 1912 1726 1977; x_wconf 85' lang='lat' dir='ltr'>veniunt</span> <span class='ocrx_word' id='word_1_134' title='bbox 1779 1912 2053 1978; x_wconf 89' lang='lat' dir='ltr'>collecta</span> <span class='ocrx_word' id='word_1_135' title='bbox 2108 1913 2178 1977; x_wconf 91' lang='lat' dir='ltr'>in</span> <span class='ocrx_word' id='word_1_136' title='bbox 2234 1921 2419 2001; x_wconf 83' lang='lat' dir='ltr'>parte</span> <span class='ocrx_word' id='word_1_137' title='bbox 2484 1912 2791 1999; x_wconf 82' lang='lat' dir='ltr'>antiquae</span> 
     </span>
     <span class='ocr_line' id='line_1_18' title="bbox 381 2012 2785 2100; baseline -0.002 -17"><span class='ocrx_word' id='word_1_138' title='bbox 381 2014 720 2083; x_wconf 90' lang='lat' dir='ltr'>Dioecesis</span> <span class='ocrx_word' id='word_1_139' title='bbox 764 2014 1222 2100; x_wconf 86' lang='lat' dir='ltr'>Moguntinae,</span> <span class='ocrx_word' id='word_1_140' title='bbox 1267 2023 1497 2100; x_wconf 87' lang='lat' dir='ltr'>postea</span> <span class='ocrx_word' id='word_1_141' title='bbox 1538 2012 2025 2079; x_wconf 86' lang='lat' dir='ltr'>Ratisbonensis</span> <span class='ocrx_word' id='word_1_142' title='bbox 2042 2062 2065 2094; x_wconf 92' lang='lat'>,</span> <span class='ocrx_word' id='word_1_143' title='bbox 2110 2032 2407 2098; x_wconf 87' lang='lat' dir='ltr'>quaeque</span> <span class='ocrx_word' id='word_1_144' title='bbox 2452 2014 2621 2079; x_wconf 80' lang='lat' dir='ltr'>solvi</span> <span class='ocrx_word' id='word_1_145' title='bbox 2660 2014 2785 2079; x_wconf 89' lang='lat' dir='ltr'>hu-</span> 
     </span>
     <span class='ocr_line' id='line_1_19' title="bbox 377 2112 2105 2201; baseline -0.002 -20"><span class='ocrx_word' id='word_1_146' title='bbox 377 2137 620 2201; x_wconf 87' lang='lat' dir='ltr'>cusque</span> <span class='ocrx_word' id='word_1_147' title='bbox 661 2115 869 2197; x_wconf 88' lang='lat' dir='ltr'>solita,</span> <span class='ocrx_word' id='word_1_148' title='bbox 917 2135 1049 2179; x_wconf 91' lang='lat' dir='ltr'>non</span> <span class='ocrx_word' id='word_1_149' title='bbox 1096 2113 1338 2199; x_wconf 86' lang='lat' dir='ltr'>exigua</span> <span class='ocrx_word' id='word_1_150' title='bbox 1385 2113 1642 2201; x_wconf 82' lang='lat' dir='ltr'>capient</span> <span class='ocrx_word' id='word_1_151' title='bbox 1682 2112 2105 2178; x_wconf 87' lang='lat' dir='ltr'>incrementa.</span> 
     </span>
    </p>

    <p class='ocr_par' dir='ltr' id='par_1_5' title="bbox 305 2212 2791 4283">
     <span class='ocr_line' id='line_1_20' title="bbox 543 2212 2787 2303; baseline -0.001 -22"><span class='ocrx_word' id='word_1_152' title='bbox 543 2214 750 2303; x_wconf 89' lang='lat' dir='ltr'><strong>(XV.)</strong></span> <span class='ocrx_word' id='word_1_153' title='bbox 833 2214 1180 2281; x_wconf 86' lang='lat' dir='ltr'>Fuldensis</span> <span class='ocrx_word' id='word_1_154' title='bbox 1221 2212 1517 2279; x_wconf 81' lang='lat' dir='ltr'>Ecclesia</span> <span class='ocrx_word' id='word_1_155' title='bbox 1556 2212 1967 2303; x_wconf 84' lang='lat' dir='ltr'>Episcopalis</span> <span class='ocrx_word' id='word_1_156' title='bbox 2014 2213 2277 2281; x_wconf 88' lang='lat' dir='ltr'>habebit</span> <span class='ocrx_word' id='word_1_157' title='bbox 2317 2236 2535 2300; x_wconf 88' lang='lat' dir='ltr'>agros,</span> <span class='ocrx_word' id='word_1_158' title='bbox 2580 2224 2787 2303; x_wconf 86' lang='lat' dir='ltr'>prata,</span> 
     </span>
     <span class='ocr_line' id='line_1_21' title="bbox 379 2312 2785 2401; baseline -0.001 -18"><span class='ocrx_word' id='word_1_159' title='bbox 379 2327 447 2383; x_wconf 90' lang='lat' dir='ltr'>et</span> <span class='ocrx_word' id='word_1_160' title='bbox 485 2318 715 2401; x_wconf 85' lang='lat' dir='ltr'>silvas,</span> <span class='ocrx_word' id='word_1_161' title='bbox 775 2316 1064 2400; x_wconf 87' lang='lat' dir='ltr'>aliosque</span> <span class='ocrx_word' id='word_1_162' title='bbox 1125 2312 1418 2379; x_wconf 90' lang='lat' dir='ltr'>redditus</span> <span class='ocrx_word' id='word_1_163' title='bbox 1486 2336 1762 2379; x_wconf 87' lang='lat' dir='ltr'>annuam</span> <span class='ocrx_word' id='word_1_164' title='bbox 1828 2334 2143 2377; x_wconf 88' lang='lat' dir='ltr'>summam</span> <span class='ocrx_word' id='word_1_165' title='bbox 2189 2314 2590 2380; x_wconf 88' lang='lat' dir='ltr'>florenorum</span> <span class='ocrx_word' id='word_1_166' title='bbox 2632 2314 2785 2379; x_wconf 90' lang='lat' dir='ltr'>rhe-</span> 
     </span>
     <span class='ocr_line' id='line_1_22' title="bbox 380 2412 2787 2504; baseline -0.001 -19"><span class='ocrx_word' id='word_1_167' title='bbox 380 2418 680 2485; x_wconf 86' lang='lat' dir='ltr'>nensium</span> <span class='ocrx_word' id='word_1_168' title='bbox 742 2414 975 2504; x_wconf 89' lang='lat' dir='ltr'>viginti</span> <span class='ocrx_word' id='word_1_169' title='bbox 1035 2436 1156 2481; x_wconf 88' lang='lat' dir='ltr'>sex</span> <span class='ocrx_word' id='word_1_170' title='bbox 1199 2412 1472 2481; x_wconf 89' lang='lat' dir='ltr'>millium</span> <span class='ocrx_word' id='word_1_171' title='bbox 1538 2421 1902 2479; x_wconf 84' lang='lat' dir='ltr'>tercentum</span> <span class='ocrx_word' id='word_1_172' title='bbox 1962 2422 2029 2477; x_wconf 90' lang='lat' dir='ltr'>ct</span> <span class='ocrx_word' id='word_1_173' title='bbox 2085 2415 2497 2502; x_wconf 80' lang='lat' dir='ltr'>septuaginta</span> <span class='ocrx_word' id='word_1_174' title='bbox 2552 2418 2787 2483; x_wconf 82' lang='lat' dir='ltr'>consti-</span> 
     </span>
     <span class='ocr_line' id='line_1_23' title="bbox 381 2514 2789 2607; baseline -0 -23"><span class='ocrx_word' id='word_1_175' title='bbox 381 2528 660 2599; x_wconf 86' lang='lat' dir='ltr'>tuentes,</span> <span class='ocrx_word' id='word_1_176' title='bbox 703 2527 899 2607; x_wconf 87' lang='lat' dir='ltr'>prout</span> <span class='ocrx_word' id='word_1_177' title='bbox 939 2516 1130 2581; x_wconf 89' lang='lat' dir='ltr'>latius</span> <span class='ocrx_word' id='word_1_178' title='bbox 1165 2514 1549 2581; x_wconf 87' lang='lat' dir='ltr'>describitur</span> <span class='ocrx_word' id='word_1_179' title='bbox 1594 2514 1663 2579; x_wconf 93' lang='lat' dir='ltr'>in</span> <span class='ocrx_word' id='word_1_180' title='bbox 1705 2514 2133 2581; x_wconf 88' lang='lat' dir='ltr'>instrumento</span> <span class='ocrx_word' id='word_1_181' title='bbox 2166 2518 2247 2581; x_wconf 88' lang='lat' dir='ltr'>ab</span> <span class='ocrx_word' id='word_1_182' title='bbox 2284 2516 2611 2583; x_wconf 86' lang='lat' dir='ltr'>antedicto</span> <span class='ocrx_word' id='word_1_183' title='bbox 2632 2518 2789 2583; x_wconf 91' lang='lat' dir='ltr'>Ele-</span> 
     </span>
     <span class='ocr_line' id='line_1_24' title="bbox 381 2614 2789 2700; baseline 0 -17"><span class='ocrx_word' id='word_1_184' title='bbox 381 2628 560 2683; x_wconf 85' lang='lat' dir='ltr'>ctore</span> <span class='ocrx_word' id='word_1_185' title='bbox 602 2618 874 2683; x_wconf 85' lang='lat' dir='ltr'>Hassiac</span> <span class='ocrx_word' id='word_1_186' title='bbox 923 2618 1045 2682; x_wconf 89' lang='lat' dir='ltr'>sub</span> <span class='ocrx_word' id='word_1_187' title='bbox 1107 2615 1212 2680; x_wconf 91' lang='lat' dir='ltr'>die</span> <span class='ocrx_word' id='word_1_188' title='bbox 1269 2624 1497 2700; x_wconf 87' lang='lat' dir='ltr'>quarta</span> <span class='ocrx_word' id='word_1_189' title='bbox 1543 2614 1795 2680; x_wconf 87' lang='lat' dir='ltr'>decima</span> <span class='ocrx_word' id='word_1_190' title='bbox 1835 2614 2053 2681; x_wconf 84' lang='lat' dir='ltr'>Martii</span> <span class='ocrx_word' id='word_1_191' title='bbox 2110 2616 2263 2681; x_wconf 88' lang='lat' dir='ltr'>anni</span> <span class='ocrx_word' id='word_1_192' title='bbox 2306 2616 2634 2683; x_wconf 86' lang='lat' dir='ltr'>millesimi</span> <span class='ocrx_word' id='word_1_193' title='bbox 2678 2640 2789 2683; x_wconf 90' lang='lat' dir='ltr'>oc-</span> 
     </span>
     <span class='ocr_line' id='line_1_25' title="bbox 383 2713 2791 2803; baseline 0.001 -22"><span class='ocrx_word' id='word_1_194' title='bbox 383 2716 824 2803; x_wconf 87' lang='lat' dir='ltr'>tingentesimi</span> <span class='ocrx_word' id='word_1_195' title='bbox 883 2714 1185 2799; x_wconf 82' lang='lat' dir='ltr'>vigesimi</span> <span class='ocrx_word' id='word_1_196' title='bbox 1251 2714 1444 2803; x_wconf 89' lang='lat' dir='ltr'>primi</span> <span class='ocrx_word' id='word_1_197' title='bbox 1504 2714 1817 2779; x_wconf 89' lang='lat' dir='ltr'>confecto.</span> <span class='ocrx_word' id='word_1_198' title='bbox 1904 2713 2089 2781; x_wconf 90' lang='lat' dir='ltr'>Hanc</span> <span class='ocrx_word' id='word_1_199' title='bbox 2126 2724 2343 2781; x_wconf 89' lang='lat' dir='ltr'>autem</span> <span class='ocrx_word' id='word_1_200' title='bbox 2387 2716 2791 2783; x_wconf 79' lang='lat' dir='ltr'>dotationem</span> 
     </span>
     <span class='ocr_line' id='line_1_26' title="bbox 377 2813 2783 2905; baseline 0 -23"><span class='ocrx_word' id='word_1_201' title='bbox 377 2817 703 2905; x_wconf 85' lang='lat' dir='ltr'>praefatus</span> <span class='ocrx_word' id='word_1_202' title='bbox 746 2814 1131 2898; x_wconf 87' lang='lat' dir='ltr'>Exequutor</span> <span class='ocrx_word' id='word_1_203' title='bbox 1198 2813 1290 2878; x_wconf 89' lang='lat' dir='ltr'>ita</span> <span class='ocrx_word' id='word_1_204' title='bbox 1349 2814 1725 2897; x_wconf 85' lang='lat' dir='ltr'>distribuet,</span> <span class='ocrx_word' id='word_1_205' title='bbox 1787 2823 1859 2879; x_wconf 89' lang='lat' dir='ltr'>ut</span> <span class='ocrx_word' id='word_1_206' title='bbox 1892 2813 2219 2905; x_wconf 87' lang='lat' dir='ltr'>Episcopo</span> <span class='ocrx_word' id='word_1_207' title='bbox 2282 2840 2403 2883; x_wconf 84' lang='lat' dir='ltr'>sex</span> <span class='ocrx_word' id='word_1_208' title='bbox 2438 2816 2619 2881; x_wconf 89' lang='lat' dir='ltr'>mille</span> <span class='ocrx_word' id='word_1_209' title='bbox 2660 2818 2783 2885; x_wconf 88' lang='lat' dir='ltr'>flo-</span> 
     </span>
     <span class='ocr_line' id='line_1_27' title="bbox 383 2910 2787 3002; baseline 0.001 -22"><span class='ocrx_word' id='word_1_210' title='bbox 383 2915 522 2981; x_wconf 89' lang='lat' dir='ltr'>reni</span> <span class='ocrx_word' id='word_1_211' title='bbox 544 2963 565 2997; x_wconf 92' lang='lat'><em>‚</em></span> <span class='ocrx_word' id='word_1_212' title='bbox 609 2914 876 2979; x_wconf 88' lang='lat' dir='ltr'>Decano</span> <span class='ocrx_word' id='word_1_213' title='bbox 929 2910 1210 3001; x_wconf 84' lang='lat' dir='ltr'>Capituli</span> <span class='ocrx_word' id='word_1_214' title='bbox 1273 2913 1556 2978; x_wconf 90' lang='lat' dir='ltr'>bismille</span> <span class='ocrx_word' id='word_1_215' title='bbox 1612 2914 1903 2979; x_wconf 80' lang='lat' dir='ltr'>sexcenti</span> <span class='ocrx_word' id='word_1_216' title='bbox 1949 2914 2182 2980; x_wconf 89' lang='lat' dir='ltr'>floreni</span> <span class='ocrx_word' id='word_1_217' title='bbox 2206 2965 2227 2998; x_wconf 89' lang='lat'>,</span> <span class='ocrx_word' id='word_1_218' title='bbox 2298 2916 2645 3002; x_wconf 87' lang='lat' dir='ltr'>unicuique</span> <span class='ocrx_word' id='word_1_219' title='bbox 2694 2940 2787 2983; x_wconf 83' lang='lat' dir='ltr'>ex</span> 
     </span>
     <span class='ocr_line' id='line_1_28' title="bbox 384 3012 2785 3105; baseline 0.002 -24"><span class='ocrx_word' id='word_1_220' title='bbox 384 3024 656 3101; x_wconf 82' lang='lat' dir='ltr'>quatuor</span> <span class='ocrx_word' id='word_1_221' title='bbox 702 3012 1044 3081; x_wconf 81' lang='lat' dir='ltr'>Canonicis</span> <span class='ocrx_word' id='word_1_222' title='bbox 1089 3013 1269 3078; x_wconf 89' lang='lat' dir='ltr'>mille</span> <span class='ocrx_word' id='word_1_223' title='bbox 1313 3014 1671 3100; x_wconf 87' lang='lat' dir='ltr'>octingenti</span> <span class='ocrx_word' id='word_1_224' title='bbox 1712 3016 1943 3081; x_wconf 86' lang='lat' dir='ltr'>floreni</span> <span class='ocrx_word' id='word_1_225' title='bbox 1969 3064 1989 3099; x_wconf 94' lang='lat'>,</span> <span class='ocrx_word' id='word_1_226' title='bbox 2058 3018 2325 3084; x_wconf 87' lang='lat' dir='ltr'>cuilibet</span> <span class='ocrx_word' id='word_1_227' title='bbox 2380 3040 2465 3083; x_wconf 86' lang='lat' dir='ltr'>ex</span> <span class='ocrx_word' id='word_1_228' title='bbox 2507 3026 2785 3105; x_wconf 85' lang='lat' dir='ltr'>quatuor</span> 
     </span>
     <span class='ocr_line' id='line_1_29' title="bbox 378 3112 2787 3200; baseline 0.002 -21"><span class='ocrx_word' id='word_1_229' title='bbox 378 3112 846 3180; x_wconf 85' lang='lat' dir='ltr'>Praebendatis</span> <span class='ocrx_word' id='word_1_230' title='bbox 891 3113 1249 3200; x_wconf 89' lang='lat' dir='ltr'>octingenti</span> <span class='ocrx_word' id='word_1_231' title='bbox 1295 3114 1524 3179; x_wconf 90' lang='lat' dir='ltr'>floreni</span> <span class='ocrx_word' id='word_1_232' title='bbox 1566 3114 1895 3181; x_wconf 88' lang='lat' dir='ltr'>annuatim</span> <span class='ocrx_word' id='word_1_233' title='bbox 1932 3116 2294 3199; x_wconf 86' lang='lat' dir='ltr'>obveniant,</span> <span class='ocrx_word' id='word_1_234' title='bbox 2323 3116 2633 3185; x_wconf 87' lang='lat' dir='ltr'>Fabricae</span> <span class='ocrx_word' id='word_1_235' title='bbox 2658 3118 2787 3185; x_wconf 84' lang='lat' dir='ltr'>Oa-</span> 
     </span>
     <span class='ocr_line' id='line_1_30' title="bbox 305 3212 2785 3299; baseline 0.002 -20"><span class='ocrx_word' id='word_1_236' title='bbox 305 3220 311 3225; x_wconf 83' lang='lat'>&#39;</span> <span class='ocrx_word' id='word_1_237' title='bbox 379 3212 690 3279; x_wconf 85' lang='lat' dir='ltr'>thedralis</span> <span class='ocrx_word' id='word_1_238' title='bbox 731 3213 1066 3281; x_wconf 89' lang='lat' dir='ltr'>Ecclesiae</span> <span class='ocrx_word' id='word_1_239' title='bbox 1129 3216 1258 3281; x_wconf 91' lang='lat' dir='ltr'>duo</span> <span class='ocrx_word' id='word_1_240' title='bbox 1308 3217 1709 3281; x_wconf 84' lang='lat' dir='ltr'>florenorum</span> <span class='ocrx_word' id='word_1_241' title='bbox 1764 3216 2007 3299; x_wconf 87' lang='lat' dir='ltr'>millia,</span> <span class='ocrx_word' id='word_1_242' title='bbox 2076 3215 2441 3283; x_wconf 84' lang='lat' dir='ltr'>Seminario</span> <span class='ocrx_word' id='word_1_243' title='bbox 2500 3220 2785 3287; x_wconf 88' lang='lat' dir='ltr'>Dioece-</span> 
     </span>
     <span class='ocr_line' id='line_1_31' title="bbox 389 3316 2785 3405; baseline 0.002 -24"><span class='ocrx_word' id='word_1_244' title='bbox 389 3337 544 3381; x_wconf 88' lang='lat' dir='ltr'>sano</span> <span class='ocrx_word' id='word_1_245' title='bbox 584 3323 836 3402; x_wconf 87' lang='lat' dir='ltr'>septem</span> <span class='ocrx_word' id='word_1_246' title='bbox 891 3316 1094 3382; x_wconf 85' lang='lat' dir='ltr'>millia</span> <span class='ocrx_word' id='word_1_247' title='bbox 1147 3318 1545 3383; x_wconf 90' lang='lat' dir='ltr'>florenorum</span> <span class='ocrx_word' id='word_1_248' title='bbox 1569 3364 1591 3399; x_wconf 90' lang='lat'>,</span> <span class='ocrx_word' id='word_1_249' title='bbox 1660 3325 1725 3381; x_wconf 92' lang='lat' dir='ltr'>et</span> <span class='ocrx_word' id='word_1_250' title='bbox 1768 3316 2287 3405; x_wconf 87' lang='lat' dir='ltr'>Archiepiscopo</span> <span class='ocrx_word' id='word_1_251' title='bbox 2328 3317 2785 3405; x_wconf 84' lang='lat' dir='ltr'>Friburgensi,</span> 
     </span>
     <span class='ocr_line' id='line_1_32' title="bbox 383 3414 2787 3504; baseline 0 -21"><span class='ocrx_word' id='word_1_252' title='bbox 383 3427 685 3500; x_wconf 83' lang='lat' dir='ltr'>tanquam</span> <span class='ocrx_word' id='word_1_253' title='bbox 743 3414 1244 3503; x_wconf 90' lang='lat' dir='ltr'>Metropolitano</span> <span class='ocrx_word' id='word_1_254' title='bbox 1267 3468 1287 3500; x_wconf 92' lang='lat'>,</span> <span class='ocrx_word' id='word_1_255' title='bbox 1363 3426 1621 3483; x_wconf 87' lang='lat' dir='ltr'>centum</span> <span class='ocrx_word' id='word_1_256' title='bbox 1684 3417 2093 3504; x_wconf 85' lang='lat' dir='ltr'>septuaginta</span> <span class='ocrx_word' id='word_1_257' title='bbox 2162 3419 2393 3485; x_wconf 90' lang='lat' dir='ltr'>floreni</span> <span class='ocrx_word' id='word_1_258' title='bbox 2456 3420 2787 3484; x_wconf 84' lang='lat' dir='ltr'>annuatim</span> 
     </span>
     <span class='ocr_line' id='line_1_33' title="bbox 379 3516 2788 3608; baseline 0.001 -25"><span class='ocrx_word' id='word_1_259' title='bbox 379 3517 859 3607; x_wconf 84' lang='lat' dir='ltr'>persolvantur.</span> <span class='ocrx_word' id='word_1_260' title='bbox 947 3517 1225 3605; x_wconf 89' lang='lat' dir='ltr'>Insuper</span> <span class='ocrx_word' id='word_1_261' title='bbox 1281 3540 1402 3606; x_wconf 87' lang='lat' dir='ltr'>pro</span> <span class='ocrx_word' id='word_1_262' title='bbox 1465 3516 1859 3583; x_wconf 86' lang='lat' dir='ltr'>habitatione</span> <span class='ocrx_word' id='word_1_263' title='bbox 1904 3517 2254 3608; x_wconf 88' lang='lat' dir='ltr'>Episcopi,</span> <span class='ocrx_word' id='word_1_264' title='bbox 2312 3540 2563 3608; x_wconf 89' lang='lat' dir='ltr'>proque</span> <span class='ocrx_word' id='word_1_265' title='bbox 2607 3520 2788 3585; x_wconf 84' lang='lat' dir='ltr'>curia</span> 
     </span>
     <span class='ocr_line' id='line_1_34' title="bbox 377 3616 2785 3708; baseline 0.001 -24"><span class='ocrx_word' id='word_1_266' title='bbox 377 3617 767 3708; x_wconf 88' lang='lat' dir='ltr'>Episcopali,</span> <span class='ocrx_word' id='word_1_267' title='bbox 809 3616 1146 3682; x_wconf 85' lang='lat' dir='ltr'>statuimus</span> <span class='ocrx_word' id='word_1_268' title='bbox 1193 3617 1454 3683; x_wconf 91' lang='lat' dir='ltr'>domum</span> <span class='ocrx_word' id='word_1_269' title='bbox 1502 3618 1875 3685; x_wconf 86' lang='lat' dir='ltr'>Cathedrali</span> <span class='ocrx_word' id='word_1_270' title='bbox 1917 3619 2249 3685; x_wconf 87' lang='lat' dir='ltr'>Ecclesiae</span> <span class='ocrx_word' id='word_1_271' title='bbox 2289 3620 2653 3708; x_wconf 82' lang='lat' dir='ltr'>proximam</span> <span class='ocrx_word' id='word_1_272' title='bbox 2698 3621 2785 3687; x_wconf 86' lang='lat' dir='ltr'>ad</span> 
     </span>
     <span class='ocr_line' id='line_1_35' title="bbox 378 3714 2780 3809; baseline 0.001 -25"><span class='ocrx_word' id='word_1_273' title='bbox 378 3718 668 3785; x_wconf 86' lang='lat' dir='ltr'>Montem</span> <span class='ocrx_word' id='word_1_274' title='bbox 713 3714 836 3784; x_wconf 81' lang='lat' dir='ltr'>Sti.</span> <span class='ocrx_word' id='word_1_275' title='bbox 875 3716 1211 3781; x_wconf 84' lang='lat' dir='ltr'>Michaelis</span> <span class='ocrx_word' id='word_1_276' title='bbox 1256 3740 1402 3783; x_wconf 89' lang='lat' dir='ltr'>cum</span> <span class='ocrx_word' id='word_1_277' title='bbox 1446 3719 1697 3785; x_wconf 88' lang='lat' dir='ltr'>duobus</span> <span class='ocrx_word' id='word_1_278' title='bbox 1740 3719 2181 3785; x_wconf 88' lang='lat' dir='ltr'>adiacentibus</span> <span class='ocrx_word' id='word_1_279' title='bbox 2224 3720 2429 3785; x_wconf 87' lang='lat' dir='ltr'>hortis</span> <span class='ocrx_word' id='word_1_280' title='bbox 2476 3730 2544 3785; x_wconf 90' lang='lat' dir='ltr'>et</span> <span class='ocrx_word' id='word_1_281' title='bbox 2579 3722 2780 3809; x_wconf 89' lang='lat' dir='ltr'>perti-</span> 
     </span>
     <span class='ocr_line' id='line_1_36' title="bbox 379 3817 2787 3905; baseline 0 -21"><span class='ocrx_word' id='word_1_282' title='bbox 379 3818 616 3884; x_wconf 86' lang='lat' dir='ltr'>nentiis</span> <span class='ocrx_word' id='word_1_283' title='bbox 669 3818 835 3901; x_wconf 79' lang='lat' dir='ltr'>suiS,</span> <span class='ocrx_word' id='word_1_284' title='bbox 900 3840 1022 3905; x_wconf 92' lang='lat' dir='ltr'>pro</span> <span class='ocrx_word' id='word_1_285' title='bbox 1082 3817 1477 3883; x_wconf 84' lang='lat' dir='ltr'>habitatione</span> <span class='ocrx_word' id='word_1_286' title='bbox 1523 3819 1774 3885; x_wconf 87' lang='lat' dir='ltr'>Decani</span> <span class='ocrx_word' id='word_1_287' title='bbox 1790 3869 1810 3903; x_wconf 91' lang='lat'>,</span> <span class='ocrx_word' id='word_1_288' title='bbox 1873 3828 2147 3905; x_wconf 87' lang='lat' dir='ltr'>quatuor</span> <span class='ocrx_word' id='word_1_289' title='bbox 2194 3818 2669 3886; x_wconf 84' lang='lat' dir='ltr'>Canonicorum</span> <span class='ocrx_word' id='word_1_290' title='bbox 2718 3831 2787 3887; x_wconf 92' lang='lat' dir='ltr'>et</span> 
     </span>
     <span class='ocr_line' id='line_1_37' title="bbox 385 3917 2784 4004; baseline 0.001 -21"><span class='ocrx_word' id='word_1_291' title='bbox 385 3928 659 4004; x_wconf 85' lang='lat' dir='ltr'>quatuor</span> <span class='ocrx_word' id='word_1_292' title='bbox 706 3917 1304 3995; x_wconf 87' lang='lat' dir='ltr'>Praebendatorum</span> <span class='ocrx_word' id='word_1_293' title='bbox 1347 3918 1505 3983; x_wconf 88' lang='lat' dir='ltr'>alias</span> <span class='ocrx_word' id='word_1_294' title='bbox 1552 3919 1779 3985; x_wconf 90' lang='lat' dir='ltr'>domos</span> <span class='ocrx_word' id='word_1_295' title='bbox 1827 3920 1895 3985; x_wconf 89' lang='lat' dir='ltr'>in</span> <span class='ocrx_word' id='word_1_296' title='bbox 1941 3928 2295 3985; x_wconf 86' lang='lat' dir='ltr'>memorato</span> <span class='ocrx_word' id='word_1_297' title='bbox 2350 3920 2784 3986; x_wconf 88' lang='lat' dir='ltr'>instrumento</span> 
     </span>
     <span class='ocr_line' id='line_1_38' title="bbox 385 4016 2781 4108; baseline 0 -25"><span class='ocrx_word' id='word_1_298' title='bbox 385 4018 740 4105; x_wconf 86' lang='lat' dir='ltr'>descriptas</span> <span class='ocrx_word' id='word_1_299' title='bbox 761 4066 779 4099; x_wconf 92' lang='lat'><em>‚</em></span> <span class='ocrx_word' id='word_1_300' title='bbox 826 4040 900 4081; x_wconf 89' lang='lat' dir='ltr'>ac</span> <span class='ocrx_word' id='word_1_301' title='bbox 937 4017 1218 4103; x_wconf 88' lang='lat' dir='ltr'>denique</span> <span class='ocrx_word' id='word_1_302' title='bbox 1258 4038 1376 4104; x_wconf 87' lang='lat' dir='ltr'>pro</span> <span class='ocrx_word' id='word_1_303' title='bbox 1426 4016 1791 4083; x_wconf 84' lang='lat' dir='ltr'>Seminario</span> <span class='ocrx_word' id='word_1_304' title='bbox 1820 4018 2203 4085; x_wconf 82' lang='lat' dir='ltr'>aedificium</span> <span class='ocrx_word' id='word_1_305' title='bbox 2243 4018 2615 4108; x_wconf 87' lang='lat' dir='ltr'>proximum</span> <span class='ocrx_word' id='word_1_306' title='bbox 2658 4016 2781 4084; x_wconf 86' lang='lat' dir='ltr'>Ca-</span> 
     </span>
     <span class='ocr_line' id='line_1_39' title="bbox 385 4116 2781 4201; baseline -0.001 -18"><span class='ocrx_word' id='word_1_307' title='bbox 385 4118 663 4183; x_wconf 85' lang='lat' dir='ltr'>thedrali</span> <span class='ocrx_word' id='word_1_308' title='bbox 706 4116 1038 4183; x_wconf 81' lang='lat' dir='ltr'>Ecclesiae</span> <span class='ocrx_word' id='word_1_309' title='bbox 1061 4164 1081 4199; x_wconf 96' lang='lat'>,</span> <span class='ocrx_word' id='word_1_310' title='bbox 1146 4116 1274 4181; x_wconf 89' lang='lat' dir='ltr'>iam</span> <span class='ocrx_word' id='word_1_311' title='bbox 1313 4116 1396 4180; x_wconf 89' lang='lat' dir='ltr'>ad</span> <span class='ocrx_word' id='word_1_312' title='bbox 1455 4118 1631 4183; x_wconf 88' lang='lat' dir='ltr'>hunc</span> <span class='ocrx_word' id='word_1_313' title='bbox 1674 4142 1863 4184; x_wconf 84' lang='lat' dir='ltr'>usum</span> <span class='ocrx_word' id='word_1_314' title='bbox 1908 4118 2335 4201; x_wconf 89' lang='lat' dir='ltr'>destinatum,</span> <span class='ocrx_word' id='word_1_315' title='bbox 2402 4140 2547 4183; x_wconf 89' lang='lat' dir='ltr'>cum</span> <span class='ocrx_word' id='word_1_316' title='bbox 2588 4116 2781 4181; x_wconf 86' lang='lat' dir='ltr'>horto</span> 
     </span>
     <span class='ocr_line' id='line_1_40' title="bbox 379 4218 822 4283; baseline -0.007 0"><span class='ocrx_word' id='word_1_317' title='bbox 379 4218 736 4283; x_wconf 81' lang='lat' dir='ltr'>adiacente.</span> <span class='ocrx_word' id='word_1_318' title='bbox 815 4224 822 4230; x_wconf 87' lang='lat'>&#39;</span> 
     </span>
    </p>

    <p class='ocr_par' dir='ltr' id='par_1_6' title="bbox 385 4315 2781 4508">
     <span class='ocr_line' id='line_1_41' title="bbox 550 4315 2780 4406; baseline 0.001 -23"><span class='ocrx_word' id='word_1_319' title='bbox 550 4315 792 4401; x_wconf 82' lang='lat' dir='ltr'><strong>(XVI.)</strong></span> <span class='ocrx_word' id='word_1_320' title='bbox 881 4316 1465 4405; x_wconf 89' lang='lat' dir='ltr'>Rottenburgensis</span> <span class='ocrx_word' id='word_1_321' title='bbox 1508 4316 1801 4383; x_wconf 87' lang='lat' dir='ltr'>Ecclesia</span> <span class='ocrx_word' id='word_1_322' title='bbox 1838 4317 2245 4406; x_wconf 89' lang='lat' dir='ltr'>Episcopalis</span> <span class='ocrx_word' id='word_1_323' title='bbox 2285 4318 2599 4405; x_wconf 87' lang='lat' dir='ltr'>gaudebit</span> <span class='ocrx_word' id='word_1_324' title='bbox 2632 4319 2780 4385; x_wconf 88' lang='lat' dir='ltr'>red·</span> 
     </span>
     <span class='ocr_line' id='line_1_42' title="bbox 385 4414 2781 4508; baseline 0.003 -29"><span class='ocrx_word' id='word_1_325' title='bbox 385 4414 626 4481; x_wconf 87' lang='lat' dir='ltr'>ditibus</span> <span class='ocrx_word' id='word_1_326' title='bbox 677 4418 1059 4501; x_wconf 87' lang='lat' dir='ltr'>singulatim</span> <span class='ocrx_word' id='word_1_327' title='bbox 1117 4417 1454 4508; x_wconf 87' lang='lat' dir='ltr'>descriptis</span> <span class='ocrx_word' id='word_1_328' title='bbox 1522 4418 1593 4483; x_wconf 88' lang='lat' dir='ltr'>in</span> <span class='ocrx_word' id='word_1_329' title='bbox 1636 4418 2099 4502; x_wconf 82' lang='lat' dir='ltr'>instrumente,</span> <span class='ocrx_word' id='word_1_330' title='bbox 2168 4441 2257 4485; x_wconf 90' lang='lat' dir='ltr'>ex</span> <span class='ocrx_word' id='word_1_331' title='bbox 2297 4418 2565 4506; x_wconf 85' lang='lat' dir='ltr'>speciali</span> <span class='ocrx_word' id='word_1_332' title='bbox 2605 4442 2781 4487; x_wconf 79' lang='lat' dir='ltr'>man-</span> 
     </span>
    </p>
   </div>
  </div>
 </body>
</html>
