2959 4984
379 277 486 332 268
638 281 807 330 XLII.
883 277 1127 330 BULLA
1171 281 1303 333 PRO
1341 281 1587 334 REGNO
1628 282 2203 336 HANNOVERIANO
2240 285 2301 335 A.
2348 282 2505 338 1824.

375 443 656 509 bismille
695 442 1122 510 Thalerorum
1165 465 1201 508 e
1245 443 1444 510 Bonis
1471 444 1941 534 Ecclesiasticis
1984 444 2053 510 in
2079 445 2423 512 Provincia
2456 446 2787 514 Osnabru-

375 545 564 628 gensi
621 544 758 608 sitis
803 543 1408 632 percipiendorum,
1466 545 1751 629 itemque
1800 545 2067 610 Decano
2112 545 2614 612 Hildesimensis
2664 545 2787 613 Ca-

377 643 562 732 pituli
617 653 1038 730 augmentum
1094 653 1455 708 tercentum
1499 645 1927 710 Thalerorum
1970 647 2401 732 assignabitur
2421 696 2442 730 ,
2506 649 2584 713 ab
2626 647 2789 735 ipsis

385 745 711 809 annuatim
771 744 1134 833 respective
1204 744 1815 833 percipiendorum,
1880 745 2275 832 perdurante
2343 747 2790 812 tantummodo

377 845 709 934 praedicta
750 844 1094 909 dotationis
1140 844 1567 932 Episcopatus
1617 843 2146 930 Osnabrugensis
2194 847 2642 933 suspensione.

538 977 716 1064 (XI.)
803 979 1026 1063 Atque
1066 979 1347 1058 interea,
1413 999 1501 1042 ne
1543 978 1885 1042 Dioecesis
1934 976 2461 1064 Osnabrugensis
2479 1029 2498 1061 ,
2550 980 2655 1044 cui
2700 984 2785 1046 ob

381 1103 487 1145 eas
543 1081 826 1145 rationes
890 1079 1220 1165 designari
1282 1079 1351 1142 in
1416 1100 1727 1167 praesens
1803 1079 2093 1142 Antistes
2152 1079 2414 1163 nequit,
2480 1080 2784 1166 legitimo

377 1190 588 1246 careat
629 1181 748 1247 Rei
794 1179 1032 1246 Sacrae
1077 1179 1430 1266 regimine,
1498 1181 1910 1262 mandamuS,
1974 1189 2049 1243 ut
2086 1177 2497 1244 Venerabilis
2542 1180 2785 1245 Frater

378 1279 650 1346 Carolus
695 1281 777 1345 de
824 1277 1131 1362 Gruben,
1177 1279 1541 1368 Episcopus
1585 1279 1893 1344 Parensis
1934 1279 2001 1343 in
2044 1279 2335 1366 partibus
2376 1279 2781 1364 Infidelium,

374 1379 795 1464 eiusdemque
841 1378 1364 1465 osnabrugensis
1407 1378 1741 1443 Ecclesiae
1784 1380 2229 1464 suffraganeus
2262 1378 2643 1442 Dioecesim
2682 1380 2781 1466 ip-

372 1503 528 1564 sam,
575 1479 786 1564 quoad
826 1479 1081 1561 vixerit,
1125 1480 1497 1565 gubernare
1538 1489 1987 1566 prosequatur,
2031 1499 2239 1562 eoque
2285 1477 2595 1543 defuncto
2634 1479 2779 1543 Hil-

372 1578 754 1644 desimensis
797 1603 918 1667 pro
964 1589 1256 1668 tempore
1300 1579 1662 1667 Episcopus
1708 1580 2083 1645 Dioecesim
2131 1600 2389 1663 quoque
2440 1578 2779 1645 Osnabru-

369 1702 645 1767 gensem
685 1679 1091 1744 facultatibus
1133 1679 1216 1743 ad
1253 1679 1320 1742 id
1363 1681 1442 1745 ab
1485 1679 1869 1767 Apostolica
1908 1677 2086 1746 Sede
2134 1679 2420 1763 qualibet
2459 1678 2603 1743 vice
2652 1679 2780 1744 sibi

367 1782 700 1868 speciatim
729 1781 1112 1868 delegandis
1139 1781 1610 1863 administrare,
1652 1801 1969 1865 suumque
1996 1779 2330 1844 Vicarium
2354 1778 2422 1842 in
2453 1777 2779 1866 Spiritua·

367 1881 537 1946 libus
585 1881 1016 1965 Generalem,
1067 1883 1176 1966 qui
1218 1883 1286 1947 in
1336 1881 1611 1948 Civitate
1656 1880 2148 1965 Osnabrugensi
2190 1878 2494 1962 resideat,
2540 1879 2781 1944 debeat

367 1977 748 2046 adsciscere.
799 1983 929 2065 Qui
980 1983 1243 2067 quidem
1268 1983 1586 2065 VicariUS,
1636 1981 1983 2046 dummodo
2025 2002 2181 2044 vere
2225 1980 2484 2065 dignuS,
2530 1988 2595 2042 et
2634 1979 2777 2065 ido-

367 2101 530 2145 neus
571 2081 888 2147 iudicatus
933 2083 1147 2165 fuerit,
1194 2107 1231 2147 a
1273 2083 1563 2148 Romano
1613 2082 1927 2148 Pontifice
1970 2081 2155 2145 titulo
2198 2079 2468 2145 alicuius
2500 2077 2775 2166 Episco-

363 2179 528 2268 palis
572 2180 900 2246 Ecclesiae
941 2183 1012 2247 in
1045 2184 1336 2270 partibus
1379 2183 1757 2248 Infidelium
1778 2232 1798 2265 ,
1854 2181 2121 2247 servatis
2170 2179 2467 2246 omnibus
2510 2201 2774 2244 servan-

370 2282 487 2365 dis,
533 2282 943 2349 decorabitur
984 2284 1067 2350 ad
1108 2286 1254 2367 hoc,
1292 2295 1366 2350 ut
1407 2284 1803 2372 pontificalia
1839 2283 1906 2347 in
1944 2283 2087 2370 ipsa
2131 2280 2430 2358 Civitate,
2473 2288 2539 2343 et
2568 2279 2774 2343 Dioe-

365 2384 496 2448 cesi
549 2383 1040 2471 osnabrugensi
1108 2407 1419 2451 exercere
1477 2385 1721 2472 possit,
1797 2391 1861 2448 et
1902 2383 2129 2448 valeat.
2221 2381 2455 2446 Eidem
2522 2379 2773 2444 idcirco

363 2483 624 2549 Vicario
672 2483 984 2550 Generali
1029 2483 1523 2572 Osnabrugensi
1579 2508 1698 2572 pro
1744 2507 1893 2566 sua,
1971 2491 2037 2547 et
2075 2478 2481 2571 Episcopalis
2530 2476 2771 2543 Curiae

369 2583 698 2650 dotatione
760 2608 970 2648 annua
1025 2585 1461 2672 persolvenda
1518 2585 1643 2648 erit
1682 2608 1931 2649 summa
1974 2584 2169 2648 trium
2211 2581 2486 2646 millium
2528 2577 2768 2644 Thale-

361 2705 586 2748 rorum
640 2693 939 2747 monetae
996 2685 1503 2749 conventionalis
1562 2709 1599 2749 a
1654 2684 2053 2773 praelaudati
2094 2680 2511 2748 Serenissimi
2557 2677 2762 2762 Regis

363 2781 614 2847 liberali
667 2782 1103 2847 munificentia
1147 2785 1503 2871 promissa,
1572 2808 1735 2870 quae
1775 2785 1843 2849 in
1882 2784 2084 2871 ipsius
2130 2781 2371 2847 Vicarii
2412 2777 2761 2846 Generalis

361 2902 735 2964 congruam,
779 2891 844 2946 et
883 2883 950 2946 in
994 2906 1270 2948 annuam
1311 2883 1639 2949 laboribus
1682 2885 2187 2972 respondentem
2230 2879 2604 2945 mercedem
2639 2876 2761 2941 Ec-

363 2981 886 3064 clesiasticorum,
936 2982 1044 3067 qui
1089 3006 1271 3048 suam
1314 2983 1527 3049 eidem
1568 2985 1637 3050 in
1683 3007 1758 3049 ea
1793 2984 2243 3072 procuratione
2291 3002 2558 3068 operam
2586 2999 2760 3042 com-

363 3080 738 3164 modabunt,
786 3081 911 3147 erit
947 3083 1406 3170 impendenda.

524 3213 732 3300 (XII.)
820 3218 1053 3283 Donec
1107 3227 1322 3284 autem
1381 3219 1719 3307 proprium
1765 3217 2272 3304 Osnabrugense
2318 3214 2760 3284 Seminarium

358 3313 523 3398 erigi
567 3316 887 3401 potuerit,
947 3318 1214 3382 huiusce
1260 3318 1599 3383 Dioecesis
1648 3316 1886 3383 Clerici
1932 3317 2220 3398 alentur,
2286 3324 2479 3400 atque
2524 3315 2756 3379 educa-

359 3414 596 3478 buntur
637 3414 706 3477 in
733 3415 1102 3503 Episcopali
1135 3415 1502 3483 Seminario
1530 3417 2018 3500 Hildesimensi,
2063 3418 2163 3482 cui
2190 3427 2540 3504 propterea
2565 3418 2759 3498 bona,

355 3536 428 3577 ac
469 3513 804 3597 redditus,
848 3515 1078 3599 quibus
1126 3527 1270 3580 actu
1312 3517 1577 3603 gaudet,
1622 3517 1881 3603 integre
1929 3519 2512 3582 conservabuntur:
2578 3515 2759 3600 quod

353 3612 530 3678 idem
586 3614 828 3680 dictum
890 3615 1188 3680 volumus
1237 3616 1316 3680 de
1362 3618 1549 3681 bonis
1592 3641 1666 3681 ac
1712 3617 2077 3682 redditibus
2121 3617 2191 3682 in
2233 3616 2573 3680 tuitionem
2615 3617 2754 3680 Ae-

357 3710 530 3776 dium
575 3711 939 3797 Sacrarum,
987 3723 1118 3778 tam
1156 3715 1675 3800 HildesimensiS,
1724 3740 1913 3802 quam
1962 3717 2509 3802 Osnabrugensis,
2556 3725 2753 3800 atque

351 3810 419 3874 in
461 3822 750 3901 sumptus
794 3815 1018 3880 Divini
1061 3813 1311 3897 CultuS,
1357 3840 1429 3880 ac
1469 3817 1913 3883 Ministrorum
1957 3815 2329 3882 mercedem
2374 3815 2747 3900 adsignatis

531 3946 778 4032 (XIII.)
869 3949 1420 4034 Quotiescumque
1463 3973 1621 4015 vere
1664 3951 1878 4036 aliqua
1920 3973 2006 4016 ex
2048 3951 2431 4037 supradictis
2464 3948 2753 4016 Sedibus

353 4041 865 4133 Episcopalibus,
909 4057 1039 4112 tam
1082 4049 1571 4132 Hildesimensi,
1619 4073 1809 4136 quam
1849 4049 2362 4137 Osnabrugensi,
2411 4071 2573 4134 quae
2616 4072 2751 4113 am-

353 4145 470 4208 bae
514 4147 846 4233 perpetuis
891 4148 1120 4213 futuris
1161 4152 1559 4237 temporibus
1590 4150 1965 4216 immediate
1996 4151 2320 4216 subiectae
2352 4158 2541 4216 erunt
2565 4150 2750 4237 Apo-

347 4241 614 4308 stolicae
675 4243 837 4311 Sedi
851 4296 873 4330 ,
935 4250 1278 4332 vacaverit,
1323 4250 1497 4315 illius
1547 4249 1951 4316 Cathedralis
1994 4250 2324 4316 Ecclesiae
2375 4249 2751 4338 Capitulum

347 4339 516 4404 intra
558 4342 852 4409 Mensem
916 4371 953 4411 a
1015 4348 1122 4412 die
1179 4349 1533 4413 vocationis
1582 4351 2081 4437 computandum
2122 4352 2369 4439 Regios
2412 4351 2751 4417 Ministros

349 4439 655 4504 certiores
701 4442 844 4524 fieri
891 4447 1136 4511 curabit
1182 4447 1264 4511 de
1301 4445 1669 4512 nominibus
1702 4447 2206 4516 Candidatorum
2249 4478 2286 4517 a
2324 4452 2519 4533 Clero
2550 4453 2753 4518 totius
