2959 4984
446 337 745 414 xxxym.
826 334 1071 387 sunna
1108 338 1249 389 PRO
1288 338 1535 389 aneso
1571 326 1972 394 noaussrco
2017 343 2075 392 1.
2113 337 2270 393 1821.
2463 341 2568 396 259

146 503 488 591 pollicitus
534 512 633 567 est
688 524 759 567 se
808 526 939 567 non
980 502 1177 567 modo
1230 503 1486 569 Domos
1529 506 1672 571 illas
1733 516 1862 571 tam
1905 507 1990 571 ad
2025 507 2296 572 alendos
2343 508 2571 573 emeri-

150 616 261 670 tos
306 626 518 685 seneS,
558 603 668 667 vel
712 603 1004 667 infirmos
1048 603 1455 688 sacerdotes,
1531 627 1724 691 quam
1781 606 1864 671 ad
1909 607 2303 672 coercendos
2346 607 2571 673 Eccle-

154 705 453 771 siasticos
500 704 800 785 discolos,
843 704 957 769 ubi
991 704 1279 769 existunt
1318 714 1845 771 conservaturum
1864 756 1884 789 ,
1955 708 2073 773 sed
2113 706 2306 773 etiam
2351 712 2572 792 novas,

158 805 277 869 ubi
341 804 579 867 desunt
648 804 1205 867 constabiliturum
1227 853 1247 886 ,
1306 814 1661 892 propterea
1715 806 1841 892 ipsi
1897 806 2180 895 Iosepho
2247 808 2572 897 Episcopo

162 904 687 987 committimus,
710 913 786 969 ut
828 906 1107 991 cognitis
1145 906 1223 969 iis
1246 954 1265 989 ,
1332 928 1495 991 quae
1537 907 1620 971 de
1663 907 1784 971 hac
1827 928 1900 971 re
1945 909 2240 973 statuerit
2280 910 2572 997 praelau-

163 1004 358 1068 datus
402 1004 567 1086 Rex,
617 1004 981 1089 auditisque
1024 1003 1405 1094 respectivis
1447 1005 1774 1071 Locorum
1823 1006 2209 1090 Ordinariis‚
2253 1011 2372 1074 sub
2417 1030 2573 1093 quo-

156 1127 313 1168 rum
383 1104 827 1169 iurisdictione
878 1105 1251 1171 huiusmodi
1297 1106 1552 1171 Domus
1620 1130 1881 1172 manere
1926 1108 2294 1191 debebunt,
2365 1109 2580 1173 omnia

160 1224 335 1287 quae
382 1226 543 1291 opus
606 1213 795 1271 erunt
850 1206 1017 1270 circa
1060 1216 1445 1272 memoratas
1491 1207 1744 1273 Domos
1811 1230 2162 1295 earumque
2221 1231 2579 1295 congruam
2675 1274 2680 1278 ,

46 1336 53 1341 ·
168 1306 575 1371 dotationem
627 1306 941 1395 disponat.

346 1406 614 1491 (LVII.)
710 1406 875 1475 Cum
924 1430 1082 1473 vero
1127 1408 1197 1473 in
1242 1408 1625 1495 suppressis
1658 1406 2059 1491 Corbeiensi,
2111 1417 2176 1472 et
2217 1408 2578 1495 Aquisgra-

162 1507 360 1573 nensi
406 1505 903 1572 Cathedralibus
950 1508 1263 1572 Ecclesiis
1308 1506 1510 1573 Sacra
1571 1508 1978 1596 reperiantur
2027 1509 2456 1595 supellectilia
2497 1510 2579 1575 ad

170 1606 585 1671 Pontificalia
640 1608 711 1673 in
777 1608 904 1673 illis
952 1608 1319 1673 exercenda
1358 1630 1494 1673 non
1535 1609 1810 1696 amplius
1852 1608 2245 1692 necessaria,
2319 1609 2581 1676 faculta-

168 1716 308 1770 tem
363 1707 693 1793 praedicto
753 1708 1036 1797 Iosepho
1096 1709 1423 1797 Episcopo
1482 1709 1896 1774 concedimus
1955 1731 2031 1775 ea
2088 1710 2157 1774 in
2213 1733 2444 1793 usum,
2517 1720 2583 1776 et

174 1808 595 1873 commodum
638 1808 1233 1899 Archiepiscopalis
1275 1810 1608 1876 Ecclesiae
1656 1810 2085 1895 ColoniensiS,
2133 1812 2184 1876 si
2227 1834 2392 1899 opus
2437 1814 2574 1879 fue·

176 1909 285 1992 rit,
326 1910 429 1973 sin
468 1910 680 1975 minus
724 1912 793 1977 in
840 1936 1029 1977 usum
1069 1913 1339 1977 aliarum
1380 1912 1598 1998 Regni
1635 1912 2070 1979 Ecclesiarum
2093 1962 2113 1996 ,
2155 1935 2320 1999 quae
2360 1913 2442 1978 iis
2485 1913 2581 1979 111-

173 2010 467 2095 digeant,
516 2011 722 2076 libere
763 2013 979 2077 valeat
1020 2023 1419 2079 convertere.

348 2109 651 2196 (LVIII.)
743 2112 980 2178 Habita
1048 2136 1221 2177 nunc
1276 2113 1526 2178 ratione
1580 2112 1954 2177 reddituum
2017 2084 2586 2202 supramemoratis

174 2210 908 2302 Archiepiscopalibus,
970 2221 1034 2277 et
1072 2213 1566 2301 Episcopalibus
1624 2214 1840 2298 Regni
1886 2214 2232 2277 Borussiae
2275 2212 2586 2279 Ecclesiis

174 2311 259 2375 ad
304 2335 614 2400 praesens
659 2314 1023 2401 respective
1070 2313 1604 2411 adsignatorum,
1671 2314 1739 2377 in
1779 2312 1992 2377 Libris
2040 2309 2354 2377 Gamerae
2401 2314 2580 2400 Apo·

172 2414 443 2479 stolicae
468 2424 684 2511 prout
726 2413 1035 2499 sequitur,
1082 2436 1319 2501 nempe
1363 2413 1703 2477 ecclesiam
1752 2411 2270 2478 Coloniensem'
2251 2435 2320 2475 111
2354 2410 2579 2476 Flore—

182 2512 283 2577 nis
330 2512 513 2579 mille
554 2514 691 2579 auri
739 2515 820 2578 de
844 2514 1135 2597 Gamera,
1177 2512 1497 2578 Ecclesias
1537 2513 1818 2577 invicem
1863 2512 2074 2577 unitas
2108 2509 2581 2594 Gnesnensem,

182 2622 249 2677 et
291 2614 805 2681 Posnaniensem
849 2615 919 2678 in
962 2613 1259 2679 Florenis
1305 2614 1549 2702 pariter
1591 2614 1796 2696 Mille,
1839 2612 2201 2677 Ecclesiam
2242 2609 2586 2675 Wratisla-

179 2714 479 2780 viensem
530 2716 601 2781 in
658 2716 957 2781 Florenis
1001 2714 1184 2779 Mille
1232 2724 1490 2779 centum
1545 2715 1888 2800 sexaginta
1951 2734 2071 2777 sex
2129 2734 2278 2777 cum
2334 2710 2588 2777 duobus

180 2815 415 2897 tertiis,
460 2815 913 2900 Ecclesiasque
941 2814 1421 2897 Trevirensem,
1454 2814 2052 2897 Monasteriensem,
2091 2813 2586 2879 Paderbornen-

178 2919 342 2997 sem,
395 2912 843 2997 Culmensem,
894 2925 959 2979 et
997 2904 1484 2979 Warm’iensem
1523 2914 1592 2978 in
1631 2914 1928 2981 Florenis
1974 2922 2354 2979 sexcentum
2397 2934 2582 2978 sexa-

178 3014 367 3100 ginta
411 3037 529 3079 sex
572 3038 719 3080 cum
763 3016 1007 3081 duabus
1054 3016 1258 3080 tertiis
1304 3015 1532 3079 taxari.
1550 3014 1954 3079 mandamus.

350 3113 589 3199 (LIX.)
634 3114 730 3181 Ut
772 3124 989 3179 autem
1030 3124 1257 3179 cuncta
1298 3137 1336 3179 a
1360 3113 1568 3179 Nobis
1615 3124 1688 3178 ut
1730 3136 1924 3201 supra
1966 3112 2275 3199 disposita
2311 3111 2456 3194 rite,
2493 3111 2586 3175 fc-

181 3215 435 3297 liciter,
480 3238 554 3279 ac
600 3214 899 3279 celeriter
938 3214 1022 3279 ad
1066 3222 1353 3301 optatum
1396 3214 1643 3279 exitum
1687 3213 2158 3300 perducantur,
2219 3211 2590 3301 supradicto

175 3315 467 3402 Iosepho
510 3314 836 3403 Episcopo
883 3314 1279 3379 Warmiensi
1336 3314 1566 3379 harum
1617 3313 1982 3379 Literarum
2021 3312 2430 3397 Exequutori
2475 3310 2586 3377 de-

174 3426 405 3505 putato
455 3436 700 3498 01111166,
746 3424 813 3479 et
855 3415 1148 3501 singulas
1192 3414 1275 3479 ad
1317 3412 1690 3479 huiusmodi
1737 3412 2042 3477 effectum
2079 3413 2477 3478 necessarias
2523 3420 2588 3475 et

176 3523 582 3604 opportunas
625 3515 1037 3581 concedimus
1088 3514 1460 3596 facultates,
1527 3523 1602 3578 ut
1642 3513 1921 3601 praeviis
1978 3514 2360 3601 respectivis
2408 3512 2585 3576 dota—

174 3616 466 3681 tionibus
531 3637 653 3703 per
690 3614 1131 3680 Instrumenta
1194 3616 1265 3679 in
1324 3614 1540 3679 valida
1581 3616 1797 3701 Regni
1853 3615 2062 3680 forma
2123 3610 2449 3677 exaranda
2507 3610 2590 3673 ad

174 3715 687 3801 uniuscuiusque
730 3714 1061 3781 Ecclesiae
1106 3740 1250 3781 cum
1296 3739 1411 3781 suo
1458 3714 1760 3804 Capitulo
1777 3764 1796 3801 ,
1841 3715 1976 3779 sive
2019 3711 2412 3777 erectionem
2455 3708 2591 3773 sive

174 3839 419 3881 novam
462 3817 957 3901 ordinationem,
998 3840 1072 3883 ac
1120 3816 1467 3906 respectivi
1505 3815 1847 3881 Territorii
1885 3812 2276 3880 Dioecesani
2319 3809 2588 3874 circum-

176 3916 603 4004 scriptionem
642 3918 1041 4005 procedere,
1102 3918 1355 4003 aliaque
1414 3918 1628 3982 omnia
1684 3926 1756 3981 ut
1815 3938 2014 4003 supra
2072 3912 2365 3979 ordinata
2407 3931 2590 3996 pera-

181 4038 373 4104 gere,
419 4026 613 4101 atque
656 4027 938 4082 statuere
986 4018 1289 4103 delegata
1350 4017 1471 4083 sibi
1518 4017 1902 4105 Apostolica
1943 4013 2318 4081 auctoritate
2359 4010 2586 4091 libere,

183 4126 253 4182 et
292 4116 475 4183 licite
518 4117 723 4205 possit
768 4127 835 4182 et
869 4119 1111 4199 valeat3
1174 4127 1365 4203 atque
1409 4118 1683 4182 ulterius
1727 4116 1854 4205 ipsi
1896 4113 2180 4201 Iosepho
2221 4110 2592 4175 facultatem

178 4217 428 4306 pariter
466 4216 841 4300 tribuimus,
903 4227 976 4282 ut
1018 4217 1101 4281 ad
1143 4218 1402 4305 plenam
1448 4238 1670 4281 rerum
1729 4214 2019 4279 omnium
2060 4212 2130 4275 in
2171 4210 2362 4277 Locis
2407 4229 2589 4297 prae-

176 4319 406 4385 sertim
450 4319 529 4382 ab
578 4318 717 4383 eius
760 4316 1115 4383 residentia
1171 4316 1437 4381 remotis
1480 4314 1938 4382 executionem
1991 4334 2218 4394 unam,
2285 4332 2402 4375 seu
2443 4308 2585 4397 plu-

174 4442 316 4502 res,
372 4441 723 4508 personam
758 4419 865 4482 vel
907 4438 1221 4507 personas
1260 4415 1331 4481 in
1372 4416 1568 4481 simili
1594 4463 1615 4498 ,
1679 4414 1789 4478 vel
1813 4412 1950 4478 alia
1990 4412 2329 4498 Dignitate
2359 4409 2583 4475 Eccle-

176 4522 435 4587 siastica
499 4518 945 4599 constitutam,
1000 4516 1110 4580 vel
1172 4515 1548 4581 constitutas
1607 4513 2044 4599 subdelegare
2064 4562 2085 4596 ,
2151 4520 2218 4577 et
2274 4521 2406 4575 tam
2450 4510 2592 4597 ipse
