2959 4984
803 314 946 363 LVI.
1020 312 1266 365 BULLA
1303 314 1370 364 D.
1415 311 1502 365 11.
1541 314 1771 364 APRIL.
1810 310 1967 366 1827.
2146 348 2189 361 -
2488 310 2594 367 385

181 486 256 543 et
297 498 566 567 prorsus
611 475 802 541 inane
847 497 1012 560 esse,
1055 498 1130 541 ac
1169 476 1312 541 fore
1357 476 1667 541 volumus
1700 484 1891 561 atque
1937 476 2362 542 decernimus.
2438 475 2590 541 Non

185 580 592 646 obstantibus
651 578 736 643 de
783 578 922 643 iure
983 578 1276 663 quaesito
1329 600 1460 643 non
1504 577 1833 659 tollendo,
1904 578 1987 643 de
2028 576 2591 666 suppressionibus

183 680 670 747 committendis
715 676 796 743 ad
841 687 1060 766 partes
1099 678 1342 742 vocatis
1375 699 1655 762 quorum
1684 678 1972 760 interest,
1998 677 2286 763 aliisque
2313 676 2590 759 Nostris,

184 791 256 846 et
303 778 744 876 Cancellariae
803 778 1225 867 Apostolieae
1270 778 1541 865 reguliS,
1582 800 1707 842 nec
1750 800 1883 843 non
1914 777 2357 843 Ecclesiarum
2398 778 2589 843 etiam

181 879 680 944 confirmatione
725 877 1125 965 Apostolica,
1165 878 1275 942 vel
1317 878 1541 961 quavis
1586 878 1892 943 firmitate
1938 878 2063 942 alia
2104 879 2421 945 roboratis
2468 889 2590 944 sta-

187 979 368 1061 tutis,
406 977 788 1066 privilegiis,
833 986 900 1041 et
930 977 1223 1060 indultis,
1267 977 1565 1062 quamvis
1598 977 1918 1065 specifica,
1958 987 2024 1042 et
2054 977 2388 1045 individua
2416 1000 2593 1043 men-

185 1079 368 1143 tione
413 1076 668 1163 dignis,
712 1077 1138 1163 omnibusque
1182 1086 1248 1142 et
1293 1077 1566 1163 singulis
1610 1077 2028 1164 Apostolicis,
2078 1102 2153 1142 ac
2193 1079 2261 1143 in
2302 1078 2579 1164 synoda-

189 1178 364 1242 libus
403 1176 937 1263 provincialibus,
988 1186 1054 1241 et
1098 1177 1573 1242 universalibus
1618 1176 1933 1242 conciliis¹
1956 1177 2149 1243 editis
2191 1178 2594 1266 specialibus,

185 1278 298 1342 vel
340 1277 754 1363 generalibus
801 1276 1379 1361 constitutionibus,
1425 1286 1493 1341 et
1532 1276 2064 1361 ordinationibuS,
2119 1278 2349 1363 quibus
2392 1280 2593 1344 omni-

187 1380 350 1459 bus,
415 1386 481 1441 et
539 1376 812 1463 singulis
829 1424 850 1459 ,
905 1376 1168 1442 illorum
1213 1385 1476 1442 tenores
1520 1377 1971 1465 praesentibus
2016 1400 2138 1466 pro
2178 1378 2439 1445 insertis
2479 1380 2588 1445 ha-

189 1478 448 1559 benteS,
496 1478 578 1542 ad
621 1478 1124 1567 praemissorum
1169 1479 1474 1544 effectum
1516 1477 1846 1561 latissime,
1890 1502 1967 1543 ae
2006 1479 2401 1567 plenissime,
2446 1500 2590 1569 spe-

185 1576 444 1641 cialiter
483 1587 550 1643 et
585 1600 898 1667 expresse
937 1579 1224 1663 scientia,
1267 1588 1336 1644 et
1375 1580 1711 1667 potestatis
1752 1579 2159 1667 plenitudine
2198 1580 2445 1669 pariter
2480 1576 2592 1645 de-

191 1700 526 1764 rogamuS,
571 1681 972 1767 caeterisque
1015 1682 1352 1747 contrariis
1397 1681 1908 1766 quibuscunque.

360 1778 675 1864 (XXIII.)
758 1780 1078 1846 Volumus
1105 1781 1394 1867 insuper,
1429 1788 1507 1843 ut
1534 1780 1971 1867 praesentium
1995 1779 2331 1844 literarum
2354 1778 2589 1843 Trans-

195 1877 502 1965 sumptis,
567 1879 756 1945 etiam
801 1880 1132 1969 impressis
1149 1931 1169 1965 ,
1215 1904 1408 1946 manu
1449 1888 1667 1944 tamen
1710 1878 1978 1943 alicuius
2034 1877 2287 1944 Notarii
2346 1876 2588 1965 publici

186 1977 576 2067 subscriptis
637 1988 706 2043 et
751 1980 970 2067 sigillo
1016 1980 1348 2046 Personae
1390 1980 1459 2043 in
1502 1978 1954 2043 Ecclesiastica
1996 1977 2314 2063 dignitate
2360 1975 2590 2041 consti-

189 2087 371 2143 tutae
417 2078 696 2163 munitis,
745 2081 978 2145 eadem
1020 2103 1288 2169 prorsus
1316 2080 1485 2145 fides
1516 2080 1755 2164 ubique
1786 2079 2190 2161 adhibeatur,
2242 2076 2593 2163 quaeipsis

195 2178 668 2267 praesentibuS,
713 2180 1132 2248 adhiberetur
1175 2182 1230 2247 si
1271 2181 1489 2245 forent
1532 2179 1859 2245 exhibitae
1898 2180 2007 2244 vel
2048 2187 2364 2245 ostensae.
2407 2176 2591 2241 Nulli

190 2301 354 2365 ergo
405 2279 668 2345 omnino
712 2281 1046 2346 hominum
1089 2281 1282 2347 liceat
1325 2281 1493 2346 hanc
1530 2280 1835 2368 paginam
1860 2279 2140 2345 Nostrae
2190 2275 2592 2365 suppressio-

189 2382 315 2463 nis,
365 2381 796 2464 extinctionis,
827 2382 1300 2464 annullationis,
1339 2379 1859 2461 reordinationiS,
1904 2377 2264 2460 erectionis,
2294 2377 2594 2441 dismem-

192 2481 542 2565 brationis,
587 2481 878 2563 unionis,
927 2480 1436 2568 aggregationis,
1486 2477 1953 2567 applicationis,
2002 2476 2454 2559 concessionis,
2498 2476 2594 2541 in-

194 2581 385 2663 dulti,
435 2580 1067 2669 circumscriptioniS,
1115 2580 1591 2666 assignationis,
1638 2576 2089 2659 attributioniS,
2138 2576 2375 2659 statuti,
2422 2598 2591 2641 com-

187 2679 536 2761 missionis,
585 2679 1038 2768 deputationis,
1085 2679 1388 2761 mandati,
1435 2678 1707 2760 decreti,
1751 2676 2214 2762 derogationis,
2258 2685 2325 2741 et
2367 2676 2593 2743 volun-

191 2780 344 2843 tatis
385 2780 770 2865 infringere,
812 2780 921 2844 vel
968 2780 1028 2843 ei
1071 2802 1232 2844 ausu
1277 2778 1625 2843 temerario
1668 2775 2025 2841 contraire:
2090 2775 2145 2840 si
2192 2776 2338 2861 quis
2380 2784 2595 2841 autem

191 2881 324 2945 hoc
377 2888 692 2945 attentare
747 2879 1291 2967 praesumpserit,
1357 2877 1873 2963 indignationem
1918 2874 2399 2963 Omnipotentis
2442 2876 2592 2959 Dei,

193 3003 273 3044 ac
309 2980 664 3045 Beatorum
705 2979 884 3044 Petri
933 2990 1000 3044 et
1042 2980 1228 3045 Pauli
1271 2978 1741 3067 Apostolorum
1788 2977 1927 3042 eius
1974 2998 2045 3040 se
2088 2976 2343 3041 noverit
2382 2976 2594 3041 incur—

191 3104 440 3145 surum.

361 3181 607 3245 Datum
645 3180 892 3245 Romae
935 3179 1110 3266 apud
1151 3177 1458 3245 Sanctam
1501 3178 1771 3243 Mariam
1814 3176 2129 3242 Maiorem
2170 3198 2337 3241 anno
2380 3176 2594 3241 Incar-

189 3280 470 3346 nationis
525 3278 906 3344 Dominicae
969 3278 1316 3343 millesimo
1379 3276 1920 3364 octingentesimo
1972 3276 2290 3362 vigesimo
2356 3276 2591 3363 prium,

191 3382 450 3447 decimo
501 3380 776 3468 septimo
825 3377 1147 3445 Calendas
1191 3377 1632 3467 Septembris,
1688 3376 2109 3441 Pontificatus
2152 3376 2375 3442 Nostri
2417 3400 2587 3442 anno

195 3480 523 3567 vigesimo
569 3478 875 3545 secundo.

368 3580 547 3645 Loco
595 3582 642 3661 †
681 3578 960 3645 Plumbi.

200 3798 378 3863 LVI.
423 3787 678 3861 Bull‘a
712 3796 1178 3861 erectionis
1211 3789 2591 3860 Dioece‘siumProvinciaeEccle·

367 3898 773 3963 siasticae
819 3896 1305 3985 superioris
1354 3896 1626 3961 Rheni
1672 3894 1733 3960 d.
1782 3895 1880 3959 11.
1925 3893 2196 3981 April.
2244 3893 2423 3958 1827.

664 4048 802 4114 Leo
846 4048 1230 4136 EpiscopuS,
1277 4044 1526 4113 Servus
1570 4044 1931 4113 Servorum
1968 4038 2125 4110 Dei.

817 4167 926 4233 Ad
967 4167 1358 4254 Perpetuam
1401 4164 1521 4233 Rei
1566 4164 1969 4231 Memoriam.

362 4286 477 4351 Ad
524 4285 850 4351 Dominici
899 4285 1142 4371 Gregis
1185 4284 1542 4349 custodiam
1582 4282 1887 4347 Pastores
1940 4281 2330 4369 praeficere,
2372 4282 2481 4366 qui
2528 4292 2593 4347 et

203 4408 527 4475 sacrorum
587 4386 1042 4474 procuratione
1103 4393 1168 4449 et
1209 4384 1569 4450 ministerio
1616 4382 1824 4448 Verbi
1864 4383 1935 4448 in
1982 4382 2225 4447 semitis
2264 4381 2449 4447 illum
2492 4402 2593 4447 re-

201 4497 354 4571 gant
394 4486 698 4568 iustitiae,
741 4509 816 4551 ac
857 4485 1080 4551 salutis
1119 4484 1400 4550 maxima
1443 4498 1705 4570 semper
1742 4482 2127 4567 assiduaque
2162 4482 2592 4564 contentione,
