2959 4984
707 268 952 321 LXXIX.
1023 268 1370 321 REGUhAE
1407 269 1973 321 cANcELLARIAE.
2456 270 2557 326 601

125 437 426 501 veniant.
481 432 560 502 Si
599 455 762 501 vero
803 444 1104 523 tempore
1151 434 1587 522 expeditionis
1632 434 1791 501 inde
1834 436 2177 505 literarum
2219 438 2547 526 generalis

126 536 502 602 reservatio
543 535 920 621 hujusmodi
961 536 1226 624 probari
1263 557 1398 601 11011
1437 536 1678 623 possit,
1738 546 1851 601 aut
1886 537 1959 602 in
1998 538 2187 603 novis
2234 538 2548 626 provisio-

126 638 356 721 nibus,
402 656 518 703 seu
571 658 690 724 pro
737 636 1266 723 eollitigantibus,
1309 637 1366 703 si
1406 636 1645 719 neutri,
1690 636 1797 701 vel
1841 636 1897 701 si
1935 637 2101 701 nulli
2146 645 2271 704 etc.
2316 637 2401 701 sit
2442 657 2553 701 ex-

127 759 446 825 pressum
471 785 491 818 ,
549 736 727 821 quod
785 738 866 803 ab
923 737 1246 821 aliquibus
1289 736 1601 801 asseritur
1640 736 1829 800 illum
1849 785 1867 818 ,
1932 737 2116 821 cujus
2160 735 2553 802 beneficium

129 836 530 903 conceditur
575 837 1031 919 collectorem,
1077 837 1189 901 vel
1229 837 1496 901 unicum
1540 836 2101 919 subcollectorem,
2146 837 2553 907 abbreviatos

125 956 299 1021 rem,
343 936 458 1001 vel
501 936 907 1019 familiarem,
955 937 1300 1018 notarium,
1317 945 1428 1002 aut
1475 935 1689 1001 dictae
1720 934 1919 1001 Sedis
1945 936 2296 1001 officialem
2328 936 2549 1019 fuisse,

128 1037 436 1101 clausula
495 1044 772 1123 ponatur
817 1036 1072 1101 etiamsi
1139 1035 1390 1101 dictum
1433 1035 1825 1101 beneficium
1868 1057 1955 1102 ex
1998 1056 2077 1100 eo
2109 1084 2129 1118 ,
2184 1036 2361 1121 quod
2401 1037 2547 1102 talis

128 1136 498 1218 collector,
568 1136 678 1199 vel
717 1134 951 1203 unicus
995 1136 1434 1202 subcollector
1449 1186 1468 1219 ,
1538 1136 1950 1201 abbreviator
1968 1186 1987 1219 ,
2041 1135 2150 1200 vel
2186 1133 2549 1216 familiaris,

127 1236 432 1301 notarius
477 1245 586 1300 aut
633 1234 848 1301 dictae
895 1233 1092 1301 Sedis
1131 1235 1429 1300 officialis
1474 1235 1635 1318 fuit,
1698 1234 2108 1322 dispositioni
2150 1235 2545 1321 apostolicae

128 1334 546 1423 generaliter
579 1344 988 1401 reservatum
1037 1336 1310 1419 existat,
1375 1334 1726 1400 dummodo
1782 1354 1915 1399 11011
1972 1334 2057 1399 sit
2110 1334 2179 1399 in
2224 1354 2301 1400 eo
2346 1334 2544 1399 alicui

127 1435 518 1525 specialiter
548 1436 658 1519 jus
699 1436 1082 1521 quaesitum.
1153 1436 1236 1501 In
1271 1436 1543 1520 reliquis
1586 1456 1745 1500 vero
1782 1435 1963 1501 nulla
2006 1435 2294 1501 clausula
2335 1432 2545 1515 detur,

127 1534 326 1601 unde.
383 1536 742 1605 reservatio
797 1536 1126 1622 generalis
1186 1536 1352 1601 elici·
1396 1535 1635 1623 possit,
1694 1535 1820 1600 nisi
1886 1534 2169 1622 desuper
2212 1535 2549 1621 signatura

127 1658 264 1725 per
307 1635 561 1722 duplex
599 1634 766 1719 Fiat,
805 1636 1062 1722 signata
1099 1637 1203 1719 sit,
1247 1645 1360 1701 aut
1399 1636 1777 1718 reservatio,
1826 1636 1933 1700 vel
1976 1636 2135 1700 alias
2175 1634 2548 1721 specialiter

129 1736 483 1801 habeatur.

319 1836 382 1914 §-
423 1834 527 1899 57.
611 1834 780 1901 Item
822 1834 1058 1916 voluit,
1119 1834 1295 1919 quod
1343 1856 1541 1922 super
1581 1834 1915 1901 beneficiis
1962 1834 2425 1901 ecclesiasticis
2466 1835 2551 1900 de

129 1934 564 2020 qualitatibus
605 1936 891 2017 illorum,
931 1935 1264 2018 videlicet,
1301 1958 1382 2001 an
1421 1934 1801 2021 dignitates,
1844 1944 2250 2022 personatuS,
2292 1936 2403 2001 vel
2450 1936 2544 2001 of·

128 2035 292 2101 ficia
333 2034 482 2117 sint,
525 2037 753 2120 eisque
791 2036 1126 2101 immineat
1168 2058 1322 2100 cura
1360 2036 1721 2101 animarum
1748 2085 1767 2118 ,
1812 2046 1878 2100 et
1916 2036 1999 2099 ad
2039 2036 2153 2101 illa
2195 2058 2545 2103 consueve-

129 2136 274 2199 rint
327 2134 437 2219 qui
477 2156 600 2222 per
639 2134 1024 2201 electionem
1066 2134 1326 2217 assumi,
1369 2136 1613 2201 mentio
1656 2134 1802 2219 fiat,
1856 2136 2015 2201 alias
2058 2136 2309 2222 gratiae
2353 2136 2543 2203 desu-

129 2256 264 2323 per
299 2234 516 2302 factae
561 2233 694 2299 sint
727 2234 968 2301 nullae.
1009 2233 1098 2302 Et
1141 2235 1194 2299 si
1239 2235 1581 2319 qualitates
1624 2234 1953 2319 hujsmodi
1988 2236 2395 2317 affirmative,
2435 2237 2547 2301 vel

133 2332 670 2400 conditionaliter
711 2354 845 2398 non
886 2333 1354 2420 exprimantur,
1399 2334 1707 2419 negativa
1746 2355 2057 2421 expresse
2103 2333 2386 2419 desuper
2424 2333 2538 2401 fiat

131 2435 208 2499 in
255 2433 624 2516 beneficiis,
689 2454 854 2518 quae
899 2432 1066 2499 tales
1117 2434 1490 2519 qualitates,
1554 2435 1665 2499 vel
1708 2454 1791 2499 ex
1837 2433 1929 2499 eis
1974 2433 2221 2517 aliquas
2270 2455 2541 2499 consue-

132 2533 360 2599 verint
395 2533 662 2599 habere.

306 2636 368 2715 ἓ.
409 2632 512 2701 58.
599 2633 770 2699 Item
817 2632 872 2695 si
915 2642 1290 2698 reservetur
1334 2634 1727 2699 beneficium
1782 2654 1903 2723 per
1964 2640 2362 2699 contractum
2406 2655 2540 2699 ma-

134 2733 452 2816 trimonii,
493 2756 627 2802 non
679 2733 916 2802 dentur
959 2733 1068 2797 alii
1107 2733 1288 2799 modi
1331 2735 1745 2799 vacationum
1788 2734 1871 2799 de
1908 2736 2161 2815 futuro,
2218 2752 2343 2797 nec
2387 2753 2534 2799 cen-

135 2844 364 2901 seatur
409 2832 802 2899 beneficium
837 2840 1243 2901 reserva-tum
1294 2834 1700 2920 specialiter,
1746 2834 1855 2901 vel
1894 2833 2234 2914 affectum,
2274 2830 2400 2895 nisi
2440 2852 2539 2899 se-

139 2943 378 3021 quatur
419 2933 920 3015 matrimonium,
967 2932 1086 2999 sed
1127 2933 1198 2998 in
1243 2923 1577 3000 beneficiis
1620 2955 1741 3021 per
1771 2932 2267 3023 promotionem,
2312 2941 2427 2997 aut
2450 2933 2543 2997 in-

137 3056 448 3121 gressum
491 3033 854 3118 religionis,
887 3032 1000 3097 vel
1038 3033 1513 3099 assecutionem
1554 3035 1875 3101 vacaturis
1912 3042 2189 3123 ponatur
2230 3032 2538 3118 clausula,

135 3133 394 3201 etiamsi
437 3154 568 3201 non
611 3141 874 3221 petatur
892 3182 911 3216 ,
973 3155 1121 3197 cum
1166 3134 1487 3201 beneficia
1537 3134 1911 3219 hujusmodi
1974 3133 2365 3222 praemisse,
2428 3131 2539 3197 vel

131 3232 298 3299 alias
343 3232 572 3315 quovis
627 3231 822 3297 modo
881 3240 1000 3302 ete.
1047 3240 1505 3317 praeterquam
1560 3254 1681 3321 per
1734 3235 1983 3299 obitum
2042 3233 2389 3298 obtinentis
2431 3255 2541 3297 va-

131 3352 286 3397 care
334 3332 702 3418 contigerit,
745 3331 998 3397 etiamsi
1035 3342 1286 3399 vacent.
1375 3331 1762 3398 Decernens
1804 3333 2062 3396 irritum
2112 3339 2231 3397 etc.

303 3433 364 3513 ξ.
410 3431 514 3497 59.
597 3432 766 3497 Item
808 3431 1018 3498 voluit
1029 3479 1050 3513 ,
1093 3431 1270 3517 quod
1311 3432 1366 3497 si
1411 3440 1669 3519 petatur
1712 3432 1997 3516 aliquem
2038 3432 2109 3495 in
2149 3432 2541 3519 religionem

131 3532 383 3619 recipi,
445 3540 514 3597 et
569 3532 692 3609 sibi
752 3533 834 3597 de
863 3533 1122 3617 -quovis
1161 3533 1485 3599 beneficio
1536 3533 1981 3599 ecclesiastico
2045 3531 2378 3619 provideri
2419 3552 2541 3617 per

132 3631 506 3717 simplicem
551 3633 954 3719 signaturam
979 3631 1146 3717 Fiat,
1189 3635 1480 3722 receptio
1526 3632 1899 3719 hujusmodi
1940 3632 2279 3698 dumtaxat
2330 3631 2540 3715 detur,

131 3730 416 3815 adjectu,
460 3731 514 3797 si
558 3741 788 3820 petens
833 3732 1107 3799 idoneus
1147 3734 1253 3817 sit,
1295 3743 1414 3801 aut
1451 3734 1631 3799 aliud
1674 3734 2061 3800 canonicum
2093 3754 2227 3797 non
2268 3731 2537 3798 obsistat

128 3830 674 3919 impedimentum
717 3842 784 3899 et
825 3834 1229 3922 exprimatur
1283 3834 1336 3899 si
1393 3843 1611 3901 certus
1650 3854 1957 3899 numerus
2005 3832 2411 3920 regularium
2452 3833 2536 3899 sit

137 3929 406 4013 ibidem,
447 3932 554 3997 cui
597 3933 792 4000 etiam
831 3956 966 3999 11011
1013 3934 1368 4020 derogetur
1387 3984 1406 4018 ,
1465 3934 1593 3999 nisi
1636 3954 1949 4022 expresse
1990 3931 2388 3999 concedatur
2404 3983 2425 4018 ,
2467 3942 2539 3999 et

133 4032 190 4096 si
231 4050 546 4100 numerus
579 4033 700 4099 iste
745 4056 879 4099 non
929 4034 1184 4117 existat,
1227 4043 1537 4122 ponatur3
1596 4033 1947 4100 dummodo
1989 4031 2387 4120 receptionis
2434 4031 2526 4097 lo-

132 4152 250 4197 eus
293 4131 670 4217 hujusmodi
711 4134 984 4199 nimium
1029 4144 1377 4222 propterea
1419 4156 1553 4199 non
1581 4143 1911 4220 gravetur.
1956 4134 2347 4216 Possintque
2382 4152 2533 4197 exe·

133 4240 400 4301 autores
468 4233 860 4319 provisionis
903 4233 1276 4319 hujusmodi
1341 4233 1428 4300 ad
1486 4234 1931 4321 receptionem
1978 4232 2343 4298 emissionis
2382 4252 2531 4319 pro·

127 4331 458 4415 fessionis,
502 4355 636 4401 11011
677 4344 1024 4421 expectato
1065 4334 1466 4421 probationis
1510 4356 1697 4416 anne,
1740 4333 2125 4421 procedere.

301 4433 362 4513 §-
407 4433 510 4499 60.
596 4433 766 4499 Item
777 4480 799 4517 ,
845 4434 902 4499 si
959 4434 1282 4521 regularis
1319 4443 1501 4523 petat
1538 4434 1661 4501 sibi
1701 4431 1785 4499 de
1824 4433 2147 4501 beneficio
2190 4433 2273 4499 ab
2314 4434 2533 4519 aliquo
