2959 4984
389 282 496 339 88ss
937 284 1576 337 onnannmmscnss
1612 284 2272 339 KIROHENPROVINZ.

389 448 664 513 Romani
703 446 1058 515 Pontifices
1095 446 1308 513 adnisi
1349 456 1540 530 sunt,
1581 449 1789 535 probe
1832 450 2057 533 gnari,
2100 446 2170 511 id
2212 448 2335 513 sibi
2374 468 2463 513 ex
2504 448 2803 513 muneris

387 547 486 613 sui
543 546 782 615 Officio
837 573 876 613 a
935 547 1279 613 Pastorum
1335 546 1623 635 Principi
1688 548 1985 636 inprimis
2054 548 2513 614 commendari.
2642 548 2799 613 Hoc

381 648 659 735 proinde
703 650 972 715 consilio
1016 672 1136 737 pro
1181 672 1430 715 summo
1449 697 1469 731 ,
1540 670 1669 735 quo
1714 648 1785 713 in
1821 648 2155 715 Ecclesiae
2195 651 2437 715 bonum
2472 649 2805 735 flagrabat

385 749 620 832 studio,
663 749 872 816 felicis
913 749 1429 831 Recordationis,
1473 748 1953 815 Praedecessor
1992 748 2241 815 Noster
2270 748 2427 813 Pius
2472 747 2799 837 septimus

386 849 664 915 maxime
726 850 847 917 sibi
906 849 1216 936 religioni
1279 849 1501 931 duxit,
1566 848 1845 913 intentas
1886 850 1957 913 in
1998 871 2109 914 eos
2158 848 2587 916 Orthodoxae
2632 850 2795 915 fidei

391 946 674 1015 cultores
695 949 1166 1016 sollicitudines
1191 958 1598 1031 convertere,
1638 950 1749 1035 qui
1776 948 2361 1017 serenissimorum
2387 949 2791 1039 Principum,

384 1048 816 1135 statuumque
861 1049 1290 1132 Germaniae,
1354 1050 1559 1136 Regis
1606 1070 1843 1137 nempe
1884 1049 2445 1135 Wirtembergiae
2464 1100 2485 1133 ,
2556 1051 2789 1137 Magni

383 1150 586 1217 Ducis
631 1150 966 1233 Badensis,
1011 1148 1334 1215 Electoris
1381 1149 1675 1231 Hassiae,
1724 1149 1951 1237 Magni
1996 1150 2205 1215 Ducis
2246 1150 2541 1232 Hassiae,
2584 1151 2795 1217 Ducis

383 1250 832 1319 Nassoviensis
856 1301 875 1334 ,
942 1250 1219 1316 Liberae
1284 1248 1579 1316 Civitatis
1638 1246 2201 1317 Francofurtensis
2222 1298 2243 1332 ,
2312 1250 2539 1336 Magni
2582 1251 2791 1315 Dueis

384 1350 952 1440 Megalopolitani,
995 1351 1256 1417 Ducum
1295 1350 1655 1436 saxoniae,
1700 1352 1907 1419 Ducis
1951 1351 2521 1437 Oldenburgensis
2536 1400 2557 1435 ,
2600 1350 2791 1415 Prin-

385 1451 546 1540 cipis
591 1452 1102 1534 Waldeccensis,
1147 1475 1222 1515 ac
1263 1451 1569 1517 Liberam
1608 1451 1957 1519 Civitatum
2000 1452 2535 1517 Hanseaticarum
2570 1450 2793 1517 Lube-

385 1551 594 1617 censis
637 1561 704 1616 et
747 1552 1122 1619 Bremensis
1151 1600 1170 1635 ,
1215 1552 1658 1619 Dominationi
1704 1555 2012 1634 subsunt3
2072 1576 2149 1618 ac
2187 1551 2467 1641 proinde
2508 1551 2791 1637 diligen-

383 1651 628 1717 tissime
665 1652 742 1717 iis
787 1654 1082 1719 omnibus
1127 1653 1493 1741 perpensis,
1540 1675 1705 1737 quac
1746 1654 1957 1739 magis
2002 1675 2091 1719 ex
2128 1675 2203 1717 re
2248 1674 2393 1717 esse
2436 1653 2577 1717 visa
2618 1662 2789 1736 sunt,

383 1753 720 1841 praesides
761 1776 1123 1835 sacrorum,
1167 1753 1400 1819 iisdem
1447 1753 1893 1839 assignandos,
1944 1752 2208 1818 curavit.
2298 1752 2489 1817 Datis
2538 1752 2789 1819 idcirco

393 1854 476 1919 ad
517 1852 692 1918 diem
751 1854 1087 1940 septimam
1157 1852 1478 1919 Calendas
1524 1852 1933 1942 Septembris
1970 1876 2139 1919 anno
2182 1853 2529 1919 millesimo
2578 1853 2782 1919 octin—

386 1953 747 2039 gentesimo
791 1953 1111 2040 vigesimo
1139 1953 1546 2042 Apostolicis
1571 1954 1833 2037 Literis,
1878 1976 2149 2039 quarum
2180 1953 2435 2019 initium
2463 1954 2793 2035 „Provida

386 2050 782 2138 Solersque“
827 2053 1423 2142 Archiepiscopalis
1467 2052 1931 2141 Friburgensis
1974 2053 2201 2138 sedes,
2248 2054 2515 2139 eiusque
2558 2054 2785 2120 suffra-

385 2174 634 2241 ganeae
677 2163 971 2240 quatuor,
1021 2154 1609 2241 Rottenburgensis
1656 2154 1979 2238 nimirum,
2032 2154 2434 2240 Moguntina,
2483 2154 2786 2219 Limbur-

385 2255 629 2341 gensiS,
668 2278 744 2320 ac
768 2253 1116 2321 Fuldensis
1138 2256 1521 2321 constitutae
1552 2264 1719 2339 sunt,
1758 2256 2001 2321 cunctis
2036 2265 2403 2345 opportune
2426 2255 2497 2320 in
2530 2252 2601 2319 id
2635 2276 2791 2343 ope-

384 2355 474 2420 ris
517 2355 793 2439 sancitis,
839 2377 1003 2441 quae
1045 2355 1131 2419 ad
1165 2354 1550 2421 Antistitum
1594 2353 1901 2437 Censum,
1948 2356 2033 2421 ad
2058 2354 2535 2421 Canonicorum
2570 2352 2791 2419 Colle-

391 2454 522 2541 gia,
553 2456 636 2520 ad
661 2453 1044 2539 Seminaria,
1081 2455 1163 2519 ad
1181 2454 1544 2537 Paroecias,
1578 2455 1661 2519 ad
1694 2453 2114 2521 Cathedrales
2156 2454 2351 2520 aedes
2390 2463 2577 2520 erant
2602 2475 2792 2543 prae—

385 2555 689 2621 finienda.
735 2556 914 2639 Quin
937 2556 1068 2621 imo
1095 2557 1264 2621 bene
1285 2555 1545 2621 iuvante
1587 2555 1697 2640 qui
1717 2556 1913 2621 Pater
1958 2564 2059 2621 est
2098 2556 2413 2621 luminum
2440 2564 2507 2621 et
2536 2554 2795 2619 Auctor

381 2656 576 2721 totius
607 2656 1081 2739 consolationis,
1117 2657 1187 2721 in
1230 2656 1462 2721 eciam
1490 2678 1728 2737 sumus,
1759 2664 1835 2720 ut
1858 2656 1935 2720 iis
1966 2656 2227 2721 sedibus
2255 2676 2407 2720 suos
2441 2677 2635 2740 quam
2660 2655 2791 2743 pri—

379 2778 558 2819 mum
596 2755 898 2820 Pastores
937 2755 1404 2843 praeficiamus·
1475 2756 1730 2821 Verum
1772 2756 2084 2821 nonnulla
2125 2756 2337 2821 adhuc
2380 2755 2785 2822 concilianda

381 2854 932 2936 desiderabantur,
957 2855 1187 2939 quibus
1219 2854 1288 2918 in
1321 2855 1535 2921 futura
1557 2866 1853 2945 tempora
1878 2857 1961 2921 de
1979 2856 2365 2923 Antistitum
2400 2856 2789 2947 praesertim

381 2956 698 3023 electione
741 2966 1104 3045 opportuna
1139 2980 1260 3045 pro
1307 2959 1599 3024 locorum
1637 2960 1887 3025 ratione
1928 2968 2101 3025 esset
2140 2960 2525 3041 consultum,
2567 2966 2641 3023 ut
2686 2958 2782 3022 in-

380 3068 568 3145 tegra
606 3058 676 3121 in
719 3057 788 3122 id
824 3080 1049 3123 causae
1077 3066 1369 3147 perstent
1386 3058 1809 3147 Apostolicae
1834 3058 2028 3127 Sedis
2064 3060 2224 3142 iura,
2276 3068 2343 3123 et
2380 3058 2595 3124 omnia
2622 3080 2787 3143 quae

376 3159 620 3225 idcirco
687 3168 876 3223 erunt
919 3157 1163 3225 ibidem
1211 3160 1589 3247 peragenda
1632 3161 1988 3225 communis
2038 3158 2359 3249 opinionis
2410 3158 2781 3223 testimonio

379 3258 930 3325 commendentur.
971 3258 1244 3325 Nosti-as
1278 3259 1346 3323 in
1379 3259 1450 3324 id
1492 3282 1675 3323 curas
1712 3260 2006 3348 impense
2046 3257 2434 3347 appulimus,
2478 3257 2549 3322 id
2590 3257 2782 3321 unice

375 3359 446 3423 in
505 3358 886 3445 gravissimo
927 3359 1054 3423 hoe
1093 3370 1162 3425 et
1211 3360 1462 3425 difficili
1504 3359 1771 3446 negotio
1814 3360 2230 3424 revolventes
2270 3358 2527 3440 animo,
2594 3366 2669 3421 ut
2710 3376 2787 3420 ea

379 3458 596 3524 omnia
653 3457 1128 3539 adimerentur,
1200 3460 1430 3542 quibus
1477 3459 1689 3523 adhuc
1728 3458 2242 3546 praepediuntur
2288 3458 2573 3523 maxima
2618 3456 2783 3521 Ani-

381 3583 628 3625 marum
671 3560 850 3623 lucra
897 3580 1017 3646 per
1059 3568 1452 3623 memoratae
1496 3558 1727 3623 Bullae
1772 3558 2227 3647 dispositiones
2267 3564 2613 3646 procurata
2636 3605 2656 3640 ,
2722 3564 2789 3619 et

379 3671 666 3749 optatum
708 3659 956 3724 exitum
995 3658 1256 3722 tandem
1292 3660 1758 3742 nanciscantur,
1793 3681 1955 3745 quae
1994 3660 2062 3723 in
2090 3658 2453 3745 Religionis
2492 3679 2774 3721 commo-

383 3762 539 3827 dum
583 3763 847 3827 fuerunt
888 3758 1250 3825 constituta.
1301 3757 1499 3825 Omni
1544 3760 1759 3846 itaque
1800 3760 2050 3846 negotii
2091 3758 2340 3825 ratione
2382 3759 2451 3823 in
2500 3780 2780 3825 examen

381 3862 692 3946 deducta,
752 3860 960 3945 iisque
1019 3858 1333 3947 susceptis
1379 3860 1694 3943 consiliis,
1756 3884 1922 3947 quae
1969 3883 2054 3925 ex
2096 3861 2195 3925 rei
2238 3868 2465 3925 natura
2508 3859 2777 3945 eiusque

379 3963 696 4029 adiunctis
739 3962 1056 4027 universis
1109 3972 1545 4046 occurrerunt,
1590 3963 1821 4028 auditis
1868 3962 2195 4028 nonnullis
2241 3984 2326 4026 ex
2362 3959 2773 4026 Venerabili-

380 4065 498 4129 bus
544 4062 874 4129 Fratribus
927 4062 1186 4129 Nostris
1229 4060 1507 4129 Sanctae
1550 4064 1877 4129 Romanae
1920 4048 2253 4128 Ecclesiae
2304 4059 2778 4141 CardinalibuS,

387 4173 578 4250 atque
651 4186 737 4230 ex
779 4176 954 4232 certa
995 4166 1261 4231 scientia
1321 4174 1388 4230 et
1437 4174 1689 4231 matura
1748 4164 2214 4231 deliberatione
2258 4162 2519 4229 Nostris
2566 4161 2777 4246 deque

383 4266 806 4354 Apostolicae
851 4266 1189 4356 potestatis
1235 4266 1642 4356 plenitudine
1689 4268 1870 4349 haec,
1916 4287 2081 4352 quae
2130 4271 2508 4349 sequuntur,
2554 4262 2779 4327 decer-

382 4369 612 4452 nimus,
659 4392 733 4433 ac
775 4368 1172 4433 mandamus.

551 4469 662 4551 (Ι.)
746 4468 1007 4531 Primo:
1079 4468 1633 4551 Quotiescumque
1702 4465 1893 4530 sedes
1967 4462 2563 4552 Archiepiscopalis
2590 4512 2611 4546 ,
2678 4461 2781 4527 vel
