2959 4984
597 322 816 374 XLVII.
891 321 1383 378 CONCORDATA
1426 325 1834 380 AUSTRIAOA
1872 329 1935 379 A.
1980 325 2140 382 1855.
2464 323 2571 382 283

148 495 499 570 tractatur,
539 493 774 583 natura
814 488 1168 577 composita
1210 489 1349 555 erit.
1429 490 1714 574 Quinam
1752 491 1902 558 libri
1942 491 2012 556 in
2048 491 2283 558 iisdem
2326 491 2567 558 scholis

148 588 240 654 ad
286 587 672 673 religiosam
715 587 1098 654 tradendam
1137 590 1628 657 instructionem
1672 591 2025 658 adhibendi
2070 591 2215 675 sint,
2257 591 2567 682 Episcopi

150 689 416 754 collatis
463 689 635 753 inter
677 710 747 753 se
791 690 1071 755 consiliis
1125 699 1426 756 statuent.
1517 692 1627 757 De
1666 691 2031 779 Religionis
2076 693 2402 779 magistris
2443 715 2565 782 pro

147 789 438 878 publicis
483 788 841 876 gymnasiis
868 791 1230 877 mediisque
1273 792 1512 857 scholis
1560 793 1951 880 deputandis
1981 793 2169 858 firma
2193 795 2566 877 manebunt,

151 912 330 978 quae
374 891 496 954 hac
539 890 622 980 de
661 911 738 955 re
781 890 1124 955 salubriter
1167 893 1512 958 constituta
1558 903 1724 958 sunt.

328 989 482 1055 Art.
525 989 715 1056 VHI.
805 988 1052 1056 Omnes
1109 992 1473 1058 scholarum
1542 993 2029 1058 elementarium
2068 1015 2194 1081 pro·
2239 994 2567 1060 catholicis

160 1089 636 1156 destinatarum
676 1090 970 1176 magistri
998 1091 1382 1179 inspectioni
1427 1094 1895 1159 ecclesiasticae
1935 1094 2173 1158 subditi
2215 1103 2423 1159 erunt.
2462 1094 2569 1160 In·

158 1199 506 1280 spectores
552 1189 914 1254 scholarum
960 1191 1376 1260 dioecesanos
1419 1191 1723 1279 Majestas
1762 1193 1899 1261 Sua
1926 1193 2244 1261 Caesarea
2284 1215 2371 1260 ex
2411 1195 2567 1260 viris

151 1294 236 1358 ab
290 1290 614 1356 Antistite
662 1289 1048 1357 dioecesano
1097 1294 1446 1382 propositis
1489 1295 1846 1360 nominabit
1869 1345 1883 1360 .
1926 1294 2117 1378 Casu,
2162 1317 2289 1380 quo
2334 1294 2569 1361 iisdem

151 1393 226 1458 in
287 1390 532 1456 scholis
585 1390 991 1457 instructioni
1032 1394 1383 1480 religiosae
1424 1395 1600 1461 haud
1642 1395 2041 1460 sufficienter
2082 1396 2419 1485 provisum
2462 1395 2567 1478 sit,

152 1492 530 1582 Episcopus
570 1491 808 1556 virum*
832 1493 1354 1577 ecclesiasticum,
1403 1495 1513 1580 qui
1560 1493 1894 1584 discipulis
1940 1496 2397 1561 catechismum
2438 1503 2563 1560 tra-

163 1593 300 1676 dat,
349 1592 560 1658 libere
602 1592 963 1657 constituet.
1014 1594 1096 1657 In
1119 1592 1645 1682 ludimagistrum
1688 1596 2058 1661 assumendi
2099 1597 2263 1662 fides
2312 1605 2378 1662 et
2418 1617 2567 1662 con-

149 1695 449 1761 versatio
510 1694 896 1758 intemerata
953 1693 1037 1758 sit
1085 1702 1358 1783 oportet.
1450 1694 1629 1760 Loco
1672 1695 2078 1781 movebitur,
2146 1697 2258 1782 qui
2306 1721 2344 1762 a
2386 1705 2567 1762 recto

155 1781 422 1862 tramite
467 1793 832 1859 deflexerit.

335 1897 485 1962 Art.
529 1894 651 1960 IX.
737 1893 1268 1984 Archiepiscopi,
1335 1895 1647 1984 Episcopi
1704 1917 2057 1981 omnesque
2098 1896 2391 1963 locorum
2440 1896 2567 1964 Or-

169 1996 412 2062 dinarii
451 1994 783 2084 propriam
820 1996 1265 2061 auctoritatem
1309 1996 1679 2062 omnimoda
1714 1997 2011 2062 libertate
2042 1999 2457 2083 exercebunt,
2498 2006 2573 2064 ut

151 2097 363 2163 libros
405 2094 736 2181 Religioni
800 2117 1190 2182 morumque
1254 2097 1576 2162 honestati
1636 2096 2035 2186 perniciosos
2096 2119 2367 2164 censura
2415 2119 2566 2187 per-

156 2197 491 2283 stringant
531 2203 596 2260 et
637 2195 868 2261 fideles
915 2199 993 2262 ab
1041 2197 1402 2262 eorundem
1442 2198 1723 2263 lectione
1764 2206 2074 2263 avertant.
2137 2197 2276 2264 Sed
2318 2207 2385 2263 et
2426 2198 2564 2266 Gu-

155 2299 499 2382 bernium,
545 2320 630 2363 ne
677 2296 994 2363 eiusmodi
1039 2297 1196 2363 libri·
1229 2296 1298 2362 in
1341 2297 1630 2386 Imperio
1676 2297 2137 2384 divulgentur,
2180 2298 2409 2382 quovis
2450 2320 2563 2388 op-

165 2407 454 2489 portuno
503 2399 795 2464 remedio
838 2397 1104 2462 cavebit.

339 2498 490 2564 Art.
531 2498 619 2564 X.
706 2500 928 2582 Quum
988 2520 1248 2563 caussae
1303 2498 1775 2564 ecclesiasticae
1822 2518 2045 2562 omnes
2108 2506 2173 2562 et
2219 2497 2289 2562 in
2330 2499 2569 2586 specie,

165 2621 334 2684 quae
393 2599 633 2682 fidem,
700 2607 1133 2682 sacramenta,
1205 2621 1416 2664 sacras
1481 2599 1845 2664 functiones
1909 2619 2032 2663 nec
2073 2621 2207 2664 non
2247 2597 2459 2662 officia
2504 2607 2571 2682 et

150 2701 304 2786 jura
331 2698 692 2764 ministerio
738 2721 920 2764 sacro
975 2720 1228 2764 annexa
1252 2698 1625 2787 respiciunt,
1671 2698 1755 2763 ad
1777 2698 2110 2764 Ecclesiae
2140 2699 2355 2763 forum
2378 2699 2567 2764 unice

159 2799 546 2889 pertineant,
581 2799 842 2863 easdem
880 2807 1231 2885 cognoscet
1244 2799 1458 2886 judex
1502 2798 1993 2881 ecclesiasticus,
2031 2798 2141 2884 qui
2174 2799 2451 2887 perinde
2482 2798 2567 2864 de

163 2900 701 2985 caussisquoque
721 2897 1292 2964 matrimonialibus
1326 2899 1509 2964 iuxta
1540 2921 1753 2964 sacros
1772 2897 2069 2964 Oanoncs
2102 2907 2169 2964 et
2184 2899 2567 2966 Tridentina

164 2998 540 3088 cumprimis
599 2999 858 3064 decreta
902 2997 1221 3084 judicium
1269 2999 1472 3081 feret,
1540 2999 1836 3064 civilibus
1887 3007 2136 3065 tantum
2178 2999 2567 3066 matrimonii

164 3099 505 3166 effectibus
547 3098 629 3162 ad
665 3098 956 3184 judicem
1003 3099 1398 3163 saecularem
1440 3098 1748 3163 remissis
1806 3097 2150 3187 Sponsalia
2194 3100 2369 3185 quod
2418 3101 2560 3164 atti-

167 3210 298 3284 net,
341 3198 687 3265 auctoritas
717 3197 1146 3264 ecclesiastica
1166 3199 1485 3284 judicabit
1510 3199 1593 3263 de
1627 3220 1850 3265 eorum
1884 3201 2227 3266 existentia
2256 3209 2325 3266 et
2358 3201 2572 3287 quoad

165 3299 647 3366 matrimonium
687 3299 1178 3387 impediendum
1224 3299 1580 3382 effectibus,
1620 3299 1909 3384 servatiS,
1956 3323 2119 3386 quae
2169 3301 2348 3367 idem
2400 3299 2570 3367 Con-

167 3401 390 3466 cilium
437 3399 892 3466 Tridentinum
960 3407 1026 3463 et
1085 3398 1509 3486 Apostolicae
1552 3398 1840 3465 Litterae
1861 3449 1882 3484 ,
1951 3423 2223 3486 quarum
2280 3402 2570 3468 initiumt

171 3501 576 3583 „Auctorem
623 3499 821 3564 fidei“
867 3499 1280 3564 constituunt.

334 3600 486 3665 Art.
528 3599 649 3664 XI.
737 3597 1087 3666 Sacrorum
1129 3597 1548 3664 Antistitibus
1611 3598 1890 3664 liberum
1950 3602 2102 3683 erit,
2163 3601 2233 3665 in
2276 3599 2569 3664 Clericos
2625 3675 2631 3682 ¹

171 3699 521 3764 honestum
579 3699 869 3764 habitum
939 3699 1305 3764 clericalem
1369 3720 1593 3764 eorum
1662 3699 1872 3765 ordini
1934 3709 1999 3765 et
2054 3699 2353 3786 dignitati
2424 3721 2571 3764 con-

175 3809 525 3885 gruentem
591 3814 725 3864 non
804 3799 1172 3864 deferentes
1241 3807 1350 3862 aut
1414 3799 1999 3885 quomodocunque
2062 3799 2574 3888 reprehensione

174 3900 410 3986 dignos
475 3919 717 3987 poenas
777 3922 816 3963 a
867 3899 1064 3964 sacris
1115 3897 1485 3965 Canonibus
1544 3907 1809 3965 statutas
1870 3909 1936 3964 et
1990 3900 2145 3966 alias
2161 3949 2182 3983 ,
2251 3919 2405 3984 quas
2447 3899 2574 3986 ipsi

173 3999 492 4088 Episcopi
532 3999 990 4064 convenientes
1026 3998 1495 4085 judicaverint,
1555 4000 1892 4086 infligere,
1960 4021 2201 4085 eosque
2244 3999 2312 4064 in
2355 4019 2573 4064 mona-

171 4099 403 4182 steriiS,
449 4097 829 4188 Seminariis
865 4109 976 4165 aut
1016 4099 1312 4165 domibus
1337 4101 1418 4164 ad
1443 4099 1512 4164 id
1539 4100 1935 4165 destinandis
1973 4100 2318 4165 custodire.
2362 4099 2577 4164 Iidem

174 4199 546 4265 nullatenus
567 4199 1038 4288 *impedientun
1071 4201 1411 4284 quominus
1443 4201 1732 4266 censuris
1758 4200 2267 4265 animadvertant
2291 4199 2359 4263 in
2387 4219 2575 4284 quos-

171 4322 433 4386 cunque
463 4299 697 4365 fideles
725 4299 1302 4366 ecclesiasticarum
1329 4301 1555 4386 legum
1584 4309 1649 4366 et
1676 4297 2014 4366 Canonum
2035 4308 2571 4386 transgressores

336 4399 484 4465 Art.
525 4399 682 4465 ΧΠ.
764 4399 873 4466 De
907 4400 1060 4485 jure
1101 4408 1475 4489 patronatus
1517 4401 1731 4487 judex
1774 4400 2245 4466 ecclesiasticus
2297 4421 2568 4486 cognos-

173 4505 312 4583 cet;
380 4499 702 4567 consentit
745 4507 959 4566 tamen
1006 4498 1245 4568 Sancta
1289 4499 1539 4582 Sedes,
1600 4507 1703 4586 ut,
1762 4499 2018 4586 quando
2068 4499 2151 4568 de
2197 4499 2408 4569 laicali
2450 4523 2561 4590 pa-
