2959 4984
417 258 525 315 882
863 257 1108 314 vam.
1183 258 1667 317 CONcoRnArA
1706 262 2069 317 BADENSIA
2106 266 2169 315 A.
2206 264 2365 319 1859.

421 426 614 513 legiis
653 426 1034 511 funguntur,
1081 445 1168 489 ex
1209 424 1527 513 Archiepi
1533 424 1711 513 scopi
1756 426 2131 493 auctoritate
2174 412 2245 492 et
2280 415 2587 511 mandato
2632 448 2819 492 exer-

421 536 626 591 ceant.

587 626 938 691 Praeterea
973 627 1054 691 iis
1095 646 1342 709 omnes,
1389 624 1501 711 qui
1534 623 2017 691 Catholicorum
2063 628 2375 713 cujusque
2416 628 2545 693 loci
2589 628 2820 691 suffra-

419 727 546 813 giis
591 727 662 791 in
699 726 826 791 hoc
871 734 1252 815 cooptantur
1281 726 1652 812 collegium,
1694 734 1761 791 et
1800 726 2213 791 ratiocinator
2252 728 2503 814 abipso
2534 714 2821 812 collegio

427 825 772 912 eligendus
817 836 948 891 tam
985 851 1024 893 a
1051 826 1390 894 Gubernio
1435 848 1632 912 quam
1672 829 1753 893 ab
1782 823 2299 915 Archiepiscopo
2340 828 2450 891 vel
2486 830 2567 893 ab
2597 848 2823 893 eorum

419 927 746 1015 deputatis
807 936 1000 993 erunt
1059 926 1505 993 confirmandi.
1595 927 1843 993 Eorum
1896 920 2073 993 ‘vero'
2102 928 2573 993 administratio
2612 938 2755 992 tum
2793 952 2826 993 a

421 1029 744 1117 deputatis
799 1030 880 1093 ab
936 1027 1454 1116 Archiepiscopo
1500 1028 1816 1112 Decanis,
1878 1037 2016 1093 tum
2072 1052 2111 1093 a
2169 1028 2447 1117 publicis
2498 1028 2823 1094 Guberuii

421 1127 731 1195 Ministris
775 1150 906 1193 una
951 1128 1143 1193 simul
1188 1127 1311 1193 erit
1351 1128 1771 1217 inspicienda.

584 1226 806 1294 XVII.
890 1228 1076 1295 Bona
1115 1237 1331 1294 autem
1373 1226 1786 1295 sublevandis
1847 1230 2117 1315 alicujus
2176 1228 2467 1314 regionis
2538 1230 2824 1295 necessi-

421 1328 653 1395 tatibus
693 1328 998 1394 attributa
1037 1352 1075 1393 a
1118 1326 1434 1417 Collegiis
1481 1339 1673 1395 erunt
1709 1328 2235 1419 administranda.
2281 1331 2471 1413 Quae
2518 1329 2827 1417 Collegia

421 1438 716 1495 constare
775 1428 1108 1494 debebunt
1161 1450 1248 1494 ex
1305 1430 1637 1497 catholicis
1692 1430 1848 1494 viris
1910 1429 2049 1519 pari
2106 1420 2383 1499 numero
2426 1439 2557 1495 tam
2607 1454 2650 1494 a
2696 1431 2828 1497 Gu-

425 1528 651 1595 bernio
713 1550 904 1615 quam
959 1530 1038 1594 ab
1097 1529 1619 1619 Archiepiscopo
1684 1529 2005 1616 eligendis
2068 1540 2135 1593 et
2199 1529 2457 1615 utrique
2521 1532 2829 1619 acceptis.

423 1628 791 1714 Unicuique
837 1650 996 1694 vero
1043 1650 1132 1695 ex
1175 1629 1355 1695 hisce
1401 1628 1721 1735 Collegiis
1759 1622 2065 1719 praeesse
2110 1630 2377 1697 debebit
2412 1630 2517 1695 vir
2560 1630 2649 1697 ab
2690 1630 2830 1718 ipso

424 1729 728 1817 Collegio
775 1728 1203 1815 deligendus,
1261 1725 1675 1799 ratiocinator
1736 1727 1951 1797 autem
2010 1731 2225 1795 eidem
2270 1728 2579 1829 Collegio
2624 1730 2829 1795 inser-

427 1829 609 1894 viens
653 1854 690 1895 a
735 1827 1076 1897 Gubernio
1121 1840 1188 1895 et
1229 1832 1307 1896 ab
1353 1832 1870 1921 Archiepiscopo
1916 1831 2040 1897 erit
2079 1821 2561 1931 adprobandus,

591 1928 847 1995 XVIII.
935 1928 1202 1997 Aliud
1181 1952 1450 2021 msuper
1479 1932 1606 1998 erit
1630 1929 2151 1997 constituendum
2183 1922 2457 1997 mixtum
2484 1932 2831 1996 consilium

425 2051 544 2094 seu
585 2030 982 2114 commissio,
1028 2052 1191 2116 quae
1236 2031 1497 2097 nomine
1541 2032 1874 2099 Ecclesiae
1926 2032 2158 2097 sedulo
2200 2032 2585 2117 advigilabit
2628 2032 2832 2097 admi-

423 2128 782 2195 nistrationi
825 2128 1174 2195 fundorum
1225 2126 1703 2199 intercalarium
1750 2142 1817 2197 et
1852 2132 2119 2199 aliarum
2168 2132 2576 2219 generalium
2622 2133 2831 2197 eccle-

423 2230 821 2295 siasticarum
863 2230 1356 2316 fundationum,
1405 2256 1480 2297 ac
1524 2228 1716 2299 simul
1760 2254 2131 2322 supremam
2172 2252 2392 2298 curam
2430 2232 2705 2298 habebit
2748 2232 2827 2295 de

424 2331 977 2397 administratione
1037 2334 1324 2399 omnium
1383 2334 1450 2398 in
1510 2356 1749 2420 magno
1796 2334 2081 2399 Badensi
2130 2333 2385 2398 Ducatu
2429 2326 2827 2398 ecclesiasti-

423 2454 642 2497 carum
699 2432 1112 2497 existentium
1167 2433 1638 2500 fundationum.
1734 2434 2058 2517 Quocirca
2113 2435 2241 2499 hoc
2296 2424 2641 2497 consilium
2710 2454 2823 2497 seu

423 2534 790 2599 commissio
854 2534 1116 2599 nomine
1173 2544 1310 2599 tum
1357 2530 1859 2623 Archiepiscopi
1916 2544 2056 2599 tum
2100 2533 2500 2601 Guberniia
2544 2533 2827 2619 singulis

425 2633 1048 2700 administratoribus
1112 2636 1358 2723 accepti
1423 2644 1491 2700 et
1546 2636 1820 2723 expensi
1868 2636 2151 2699 rationes
2193 2635 2423 2721 exiget
2468 2644 2539 2700 et
2586 2657 2827 2723 oppor-

423 2742 646 2800 tunum
693 2734 776 2799 de
817 2756 1204 2821 unaquaque
1251 2734 1804 2821 administratione
1838 2734 2159 2821 judicium
2200 2734 2385 2800 feret.
2479 2736 2827 2818 Quaenam

423 2845 638 2901 autem
678 2835 1094 2900 fundationes
1133 2846 1456 2922 tamquam
1497 2836 1845 2924 generales
1884 2836 2294 2903 fundationes
2344 2834 2823 2903 ecclesiasticae

425 2938 932 3004 considerandae
977 2938 1121 3020 sint,
1165 2937 1412 3003 collatis
1451 2936 1867 3003 Gubernium
1908 2936 2079 3001 inter
2120 2946 2187 3001 et
2228 2930 2823 3023 Arcbiepiscopum

425 3036 703 3104 consiliis
750 3037 874 3102 erit
913 3038 1344 3103 stamendnm.

590 3133 776 3203 XIX.
859 3137 1225 3205 Consilium
1291 3138 1465 3203 istud
1532 3137 1857 3203 constabit
1924 3158 2011 3201 ex
2074 3126 2425 3201 catholicisx
2461 3134 2617 3200 viris
2688 3135 2827 3223 pari

420 3260 696 3305 numero
739 3264 777 3304 a
807 3239 1146 3305 Gubernio
1193 3249 1262 3305 et
1302 3242 1381 3305 ab
1426 3237 1943 3326 Archiepiscopo
1990 3237 2217 3301 electis
2262 3244 2327 3301 et
2369 3233 2629 3321 utrique
2676 3259 2825 3325 pro·

425 3338 609 3406 batis·
707 3340 1033 3423 Quoniam
1087 3360 1247 3405 vero
1291 3340 1445 3405 huic
1494 3338 1760 3405 consilio
1808 3360 1923 3403 seu
1966 3337 2402 3403 commissioni
2446 3334 2683 3423 aliquis
2724 3358 2824 3401 ca-

425 3440 700 3505 tholicus
743 3440 844 3505 vir
883 3462 1190 3529 praeesse
1233 3440 1517 3523 debebit,
1560 3439 1803 3504 idcirco
1845 3448 1977 3504 tam
2016 3437 2426 3504 Gubernium
2466 3460 2661 3521 quam
2698 3439 2824 3502 Ar·

426 3540 874 3630 chiepiscopus
925 3542 1076 3626 jure
1120 3542 1394 3629 pollebit
1440 3540 1855 3629 proponendi
1900 3561 2047 3622 eos,
2114 3560 2275 3623 quos
2322 3538 2405 3603 ad
2447 3526 2825 3622 hujusmodi

424 3664 658 3708 munus
701 3642 1073 3709 obeundum
1113 3641 1320 3727 magis
1361 3641 1639 3706 idoneos
1674 3640 2127 3726 judicaverint.
2216 3639 2439 3723 Atque
2479 3636 2595 3703 ille
2634 3658 2823 3726 prae-

425 3743 586 3809 sidis
629 3764 900 3809 munere
943 3742 1274 3829 fungetur,
1319 3741 1428 3826 qui
1470 3750 1604 3807 tam
1644 3766 1681 3807 a
1726 3734 2071 3807 Gubernio
2112 3762 2304 3824 quam
2346 3740 2425 3804 ab
2472 3726 2823 3825 Archiepi-

430 3867 630 3934 scopo
685 3844 934 3909 collatis
989 3843 1159 3908 inter
1205 3865 1274 3907 se
1316 3841 1601 3907 consiliis
1640 3841 1838 3909 fuerit
1880 3832 2125 3906 electus
2170 3849 2237 3905 et
2276 3829 2681 3905 nominatus·
2664 3888 2681 3921 ,
2751 3860 2826 3902 ac

433 3946 840 4014 Gubernium
883 3946 1057 4011 hunc
1095 3944 1311 4033 ipsum
1351 3943 1567 4008 virum
1610 3934 1955 4008 constituet
1980 3940 2349 4030 praesidem
2374 3938 2641 4005 alterius
2671 3961 2823 4004 con-

431 4047 556 4112 silii
613 4047 718 4113 cui
762 4046 1174 4113 commissum
1219 4053 1318 4109 est
1364 4044 1434 4108 in
1477 4042 1721 4130 Magno
1764 4043 2022 4108 Ducatu
2066 4040 2530 4107 catholicorum
2574 4039 2821 4104 schola-

427 4169 573 4215 rum
616 4148 916 4234 regimen
951 4170 1026 4213 ae
1071 4144 1262 4210 simul
1301 4164 1456 4209 cura
1498 4142 1880 4208 demandata
1926 4142 2009 4206 de
2048 4142 2237 4209 bonis
2276 4135 2823 4221 administrandis,

427 4271 591 4335 quae
636 4250 707 4313 in
743 4248 977 4313 eodem
1017 4242 1262 4333 Mag-no
1309 4245 1569 4311 Ducatu
1610 4243 1705 4308 rei
1754 4242 2106 4308 catholicae
2149 4250 2301 4307 sunt
2346 4240 2687 4305 destinata.

597 4347 832 4415 Omnis
871 4357 1088 4413 autem
1126 4344 1371 4435 agendi
1417 4345 1583 4411 ratio
1626 4364 1742 4410 seu
1784 4344 2153 4409 methodus
2148 4385 2170 4427 -,
2216 4361 2343 4428 qua
2366 4334 2509 4407 hue
2545 4341 2821 4407 mixtum

431 4446 768 4511 consilium
827 4469 944 4511 seu
1003 4448 1374 4513 commissio
1411 4446 1482 4511 in
1522 4444 1790 4535 proprio
1834 4464 2111 4509 munere
2146 4442 2525 4509 exercendo
2567 4442 2667 4507 uti
2706 4442 2819 4505 de-
