2959 4984
481 301 627 354 XXI.
703 301 897 355 ORDO
934 297 1397 352 OELEBRANDt
1440 294 1845 346 GENERALIS
1889 293 2221 345 coNolmt.
2266 318 2301 350 μ
2463 287 2565 344 121

152 487 303 531 mus
352 465 669 532 Pontifex
710 465 779 531 in
824 463 988 530 solio·
1030 461 1393 527 Pontificali
1440 460 1696 525 sedebit
1717 509 1736 540 ,
1798 459 1902 522 eui
1945 482 1984 522 a
2024 455 2334 522 lateribus
2375 479 2572 544 super

141 551 471 644 'scabellis
518 566 840 632 sedebunt
879 562 1157 629 Diaconi
1217 562 1345 627 duo
1395 561 1770 626 assistentes
1790 609 1809 642 ‚
1877 567 1944 622 et
2003 557 2182 646 prior
2224 555 2574 642 Presbyte-

164 687 398 731 rorum
444 667 514 731 in
557 666 841 732 scabello
886 665 1078 729 etiam
1120 663 1189 726 in
1228 663 1373 726 loco
1420 660 1766 742 eminenti,
1823 659 1960 724 sive
2006 683 2044 723 a
2091 658 2371 739 dextriS,
2437 657 2574 722 sive

174 791 207 830 a
260 767 578 849 sinistris,
643 774 840 855 prout
880 765 950 829 in
992 763 1243 852 capella
1282 767 1429 827 cum
1471 761 1654 850 Papa
1711 760 2031 842 celebrat,
2098 758 2216 824 sed
2257 767 2443 839 tunc,
2509 767 2575 822 et

177 866 431 946 quoties
470 867 539 930 in
584 866 815 932 divinis
856 864 1217 945 ministrat,
1287 872 1363 927 ut
1402 860 1796 950 Capellanus
1850 858 2153 924 assistens
2211 858 2334 923 erit
2385 856 2570 922 indu-

176 970 268 1031 tus
318 966 624 1053 pluviali,
665 988 799 1030 non
840 959 1130 1053 planeta.¹
1203 960 1772 1039 IMPERATOR,
1840 960 1891 1024 si
1937 959 2167 1056 aderit,
2210 958 2466 1024 sedebit
2503 957 2572 1022 in

176 1067 325 1130 sele
375 1089 493 1132 sua
536 1066 620 1131 ad
664 1065 964 1130 dextram
1007 1063 1343 1129 Pontificis
1368 1111 1389 1144 ,
1457 1071 1521 1126 et
1563 1070 1716 1126 tunc
1756 1059 2034 1127 Diaconi
2075 1081 2211 1124 non
2254 1057 2574 1125 sedebunt

179 1167 349 1251 apud
392 1167 619 1232 sedem
646 1167 885 1254 Papae,
930 1164 1049 1229 sed
1094 1172 1243 1228 ante
1288 1163 1494 1250 ipsam
1538 1161 1766 1226 sedem
1808 1159 1960 1225 hinc
1996 1159 2150 1224 inde
2196 1180 2392 1246 super
2424 1179 2568 1246 par-

136 1263 274 1327 zvis
314 1266 655 1350 scabellis,
700 1275 773 1330 ut
811 1274 953 1331 erat
992 1287 1133 1330 mos
1178 1262 1476 1347 antiquis,
1524 1271 1588 1326 et
1629 1261 1773 1344 hoc,
1819 1282 1904 1324 ne
1947 1260 2280 1326 Diaconus
2325 1283 2364 1322 a
2408 1259 2566 1323 dex-

176 1364 299 1428 tris
340 1368 627 1432 *ideatur
670 1367 903 1431 sedere
946 1362 1201 1430 medius
1250 1362 1422 1428 inter
1461 1363 1728 1450 Papam,
1773 1370 1840 1425 et
1866 1360 2358 1448 Imperatorem.
2421 1359 2566 1426 RE-

174 1461 357 1530 GES
397 1468 723 1534 sedebunt
760 1467 829 1531 in
868 1463 1213 1530 nominatis
1255 1463 1518 1530 sedibus
1557 1462 1688 1527 suis
1722 1484 1737 1526 z
1807 1459 2117 1549 Episcopi
2177 1469 2241 1525 et
2281 1460 2566 1545 Presby-

172 1565 303 1629 teri
330 1563 701 1633 Otrdinales
740 1567 811 1630 in
849 1565 1057 1654 prima
1097 1573 1281 1652 parte
1322 1560 1734 1628 eminentiori
1777 1583 2186 1627 scamnorum
2229 1584 2268 1625 a
2298 1559 2567 1644 dextris,

176 1663 449 1728 Diacon'a
492 1665 872 1733 Cardinales
915 1674 1177 1752 praeter
1224 1663 1373 1729 illos
1441 1663 1605 1727 duos
1667 1660 1737 1726 in
1788 1661 1998 1749 prima
2044 1669 2232 1748 parte
2273 1660 2566 1726 sinistris.

166 1762 588 1831 Patriare'nae
644 1775 917 1852 quatuor
981 1763 1421 1830 Ecclesiarum
1475 1760 2228 1850 Constantinopolitanus
2251 1812 2270 1845 ,
2334 1761 2568 1826 Antio-

172 1863 447 1944 chenus,
490 1865 994 1948 Alexandrinus,
1042 1874 1108 1930 et
1131 1863 1768 1949 Hierosolymitanus
1816 1862 2138 1927 sedebunt
2179 1861 2248 1926 in
2291 1871 2566 1948 quatuor

164 1963 303 2028 illis
352 1961 601 2032 sedibus
644 1965 1086 2052 singularibus
1132 1973 1355 2029 contra
1396 1962 1629 2028 faciem
1646 1962 2000 2028 Pontifieis.
2042 1961 2128 2026 Et
2169 1973 2341 2047 nota,
2385 1962 2560 2048 quod

168 2063 497 2153 praedicti
540 2063 943 2132 Patriarchae
968 2066 1054 2152 'in
1096 2063 1331 2148 missis,
1380 2072 1445 2128 et
1489 2063 1631 2129 aliis
1678 2063 1945 2146 actibuS,
1987 2063 2123 2128 sive
2164 2065 2292 2129 sint
2334 2065 2563 2152 parati,

169 2165 313 2230 sive
354 2187 509 2248 non,
554 2168 779 2233 sedent
816 2175 964 2231 ante
1009 2165 1383 2231 assistentes
1424 2164 1665 2253 Papae.
1752 2162 1888 2228 Alii
1933 2164 2380 2246 Patriarchae,
2423 2164 2562 2229 Pri·
2685 2243 2688 2246 ⁴

166 2275 401 2348 mates,
447 2263 955 2356 Archiepiscopi,
995 2265 1325 2354 Episcopi,
1371 2263 1666 2330 Abbates
1706 2265 1910 2351 parati
1965 2264 2286 2329 sedebunt
2321 2265 2390 2328 in
2433 2287 2564 2329 sca-

170 2365 345 2432 mnis
385 2374 537 2454 post
578 2363 951 2432 Gardinales
994 2367 1147 2430 hinc
1183 2365 1373 2448 inde,
1448 2364 1730 2452 primum
1783 2373 2012 2428 tamen
2041 2364 2257 2428 locum
2303 2363 2565 2430 habebit

165 2463 800 2548 Vice-Camerarius,
847 2468 900 2532 si
944 2467 1067 2532 erit
1103 2465 1463 2532 PraelatuS.
1547 2463 1634 2529 Et
1673 2464 1762 2529 ita
1804 2472 2130 2530 servatum
2172 2463 2454 2550 legimus
2495 2463 2566 2528 in

172 2565 481 2632 Concilio
527 2562 799 2644 Pisano,
834 2565 1251 2657 praesidente
1293 2564 1867 2632 ALEXANDRO
1911 2565 1996 2629 V.
2039 2572 2106 2629 et
2145 2563 2213 2628 in
2248 2563 2563 2630 Constan-

170 2667 406 2749 tiensi,
446 2664 859 2754 praesidente
894 2666 1255 2735 IOANNE
1298 2665 1558 2732 XX'ssI.
1646 2664 1908 2733 Deinde
1953 2673 2240 2730 oratores
2283 2665 2566 2751 Regum,

168 2777 236 2833 et
277 2765 663 2853 Principum
682 2799 715 2847 ,·
748 2764 805 2830 si
846 2761 1029 2833 erunt
1069 2766 1311 2856 parati,
1369 2766 1524 2832 inde
1565 2766 1803 2852 reliqui
1846 2765 2128 2840 ‚Praelati
2167 2766 2390 2854 parati.
2478 2764 2566 2830 Et

166 2867 447 2956 impleta
506 2865 714 2954 prima
779 2865 1164 2950 quadratura
1236 2889 1643 2933 scamnorum
1672 2915 1691 2949 ,
1757 2865 2202 2955 implebuntur
2273 2868 2566 2952 reliquae

162 2975 321 3057 post
358 2966 574 3031 illam:
618 2966 934 3054 postremi
964 2977 1151 3033 erunt
1176 2962 1540 3035 Generales
1583 2967 1904 3033 ordinum.
1945 2967 2034 3032 Et
2055 2966 2344 3051 adverte,
2390 2967 2568 3053 quod

168 3066 460 3133 Praelati
504 3087 749 3149 omnes,
796 3066 1231 3154 cuiuscunque
1258 3069 1387 3133 sint
1424 3068 1691 3154 gradus,
1735 3067 2091 3133 secundum
2123 3067 2573 3136 GREGORH

170 3168 396 3256 Papae
436 3166 801 3246 decretum,
862 3167 1179 3234 sedebunt
1216 3169 1388 3234 inter
1441 3168 1749 3256 Collegas
1793 3192 1944 3234 suos
1984 3163 2344 3234 secundum
2396 3169 2568 3234 ordi-

168 3267 325 3334 nem
350 3317 371 3350 ,
450 3267 587 3334 sive
626 3267 1104 3354 promotionem
1146 3293 1341 3335 suam.
1427 3261 1830 3334 Assistentes
1877 3268 2092 3357 Papae
2128 3269 2334 3356 parati
2381 3269 2564 3335 sede-

168 3372 337 3435 bunt
390 3390 589 3457 super
650 3367 895 3453 gradus
955 3368 1216 3434 thalami
1276 3369 1691 3455 Pontfficalis
1753 3370 1835 3434 ad
1905 3369 2228 3435 sinistram
2291 3378 2566 3460 partem,

164 3467 607 3536 Protonotarii
651 3467 1039 3557 Apostolici,
1084 3478 1150 3532 et
1195 3469 1411 3535 clerici
1454 3491 1748 3544 camerae
1793 3470 1875 3535 ad
1922 3471 2242 3554 dextram,
2287 3465 2565 3538 Subdia-

164 3569 315 3635 coni
357 3590 517 3634 vero
542 3617 561 3650 ,
628 3569 956 3635 auditores
1010 3577 1227 3652 rotae,
1290 3579 1355 3634 et
1393 3570 1692 3635 acoluthi·
1739 3571 1808 3636 in
1868 3580 2054 3659 parte
2117 3571 2439 3636 anteriore
2483 3569 2566 3635 ad

164 3670 377 3760 pedes
418 3668 657 3757 Papae.
738 3665 957 3758 Super
1013 3670 1278 3758 planum
1347 3671 1669 3736 sedebunt
1733 3671 1863 3735 duo
1921 3668 2294 3736 cubicularii
2337 3669 2570 3734 secreti

166 3771 417 3859 Papae,
460 3768 769 3838 Decanus
816 3769 1205 3853 auditorum,
1250 3770 1358 3855 qui
1405 3771 1604 3836 servit
1647 3771 1730 3836 de
1776 3772 1967 3836 mitra
1993 3820 2012 3853 ,
2060 3780 2125 3836 et
2165 3767 2570 3836 Secretarius

162 3871 385 3960 Papae
409 3920 429 3954 ,
490 3869 544 3934 si
582 3892 713 3935 non
754 3879 854 3935 est
895 3870 1250 3936 Praelatus.
1363 3870 1674 3939 Oratores
1731 3880 1951 3938 autem
2009 3870 2199 3952 laici,
2255 3869 2392 3934 sive
2433 3891 2566 3934 non

164 3969 453 4038 Praelati
475 4018 497 4052 ,
560 3969 793 4036 sedent
830 3970 1001 4035 intra
1040 3970 1315 4057 primam
1359 3971 1815 4057 quadraturam
1854 3972 1925 4036 in
1970 3970 2232 4037 sedibus
2274 3969 2401 4034 illis
2449 3968 2568 4033 hu-

161 4070 565 4153 milioribus,
630 4092 751 4158 pro
796 4070 1207 4136 dominorum
1254 4093 1522 4137 suorum
1563 4071 1918 4158 dignitate,
1984 4072 2074 4136 ita
2115 4079 2190 4135 ut
2231 4068 2568 4153 digniores

164 4173 297 4238 sint
350 4170 855 4260 propinquiores
925 4169 1152 4259 primis
1213 4171 1488 4236 scamnis
1532 4171 1788 4261 Papae,
1847 4181 1913 4237 et
1960 4171 2015 4236 si
2075 4168 2286 4236 aderit
2328 4170 2568 4259 aliquis

164 4295 445 4360 maqnm
490 4269 812 4356 Princeps
833 4320 854 4355 ,
916 4270 1171 4336 sedebit
1220 4271 1289 4337 in
1346 4295 1606 4338 scamno
1648 4272 2094 4346 Diaconorum
2147 4281 2298 4361 post
2343 4291 2568 4336 omnes

170 4372 537 4454 Diaconos,
584 4369 638 4435 si
680 4371 837 4436 alias
883 4371 1218 4437 consuevit
1260 4371 1493 4438 sedere
1535 4371 1604 4437 in
1650 4394 1768 4436 suo
1812 4393 2074 4436 scamno
2095 4421 2116 4455 ,
2156 4371 2265 4437 alii
2306 4371 2567 4437 inferio-

164 4493 271 4538 res
296 4469 569 4538 Domini
608 4469 757 4536 laici
794 4471 967 4538 inter
1008 4473 1119 4538 vel
1162 4483 1313 4562 post
1354 4481 1643 4538 oratores
1687 4493 1821 4538 non
1861 4471 2165 4558 Praelati,
2208 4473 2568 4543 secundum
