2959 4984
736 241 981 292 Lxxlx.
1059 240 1401 294 REGULAE
1438 239 2008 294 GANOELLARIAE.
2475 240 2580 294 505

176 429 349 492 quae
390 405 485 470 eis
520 405 935 488 incumbunt,
980 403 1297 471 malitiose
1363 404 1660 488 differre,
1720 405 1838 470 sub
1880 403 2584 486 excommunicationis,

176 515 249 570 et
290 515 555 594 praeter
600 504 781 592 illam
818 504 1261 590 suspensionis
1300 527 1337 567 a
1376 503 1794 592 perceptione
1837 505 2422 570 emolumentorum
2463 505 2582 570 hu·

176 606 478 692 jusmodi
525 628 645 694 pro
684 605 891 692 prima
932 605 1017 672 ad
1060 615 1405 687 semestre,
1468 613 1534 668 et
1571 626 1690 692 pro
1739 604 2024 669 secunda
2067 603 2150 670 ad
2191 627 2464 688 annum,
2521 614 2588 670 et

174 728 303 792 pro
346 705 538 770 tertia
578 705 846 786 vicibuS,
892 704 1123 789 quibus
1166 705 1258 768 sic
1302 704 1700 770 excederent
1715 753 1736 788 ,
1793 703 2171 792 privationis
2219 703 2583 770 officiorum

174 827 303 892 per
346 827 461 870 eos
506 806 935 886 obtentorum,
977 804 1045 867 in
1090 803 1324 888 quibus
1368 803 1461 870 sic
1505 803 1944 884 excesserint,
1990 802 2240 890 poenis·
2323 805 2431 870 Ac
2472 828 2584 870 vo-

176 905 303 971 luit
324 953 345 986 ,
392 904 571 990 quod
611 901 887 970 Sanctae
930 904 1258 971 Romanae
1298 903 1629 968 Ecclesiae
1671 902 2258 968 Vicecancellarius
2281 951 2302 984 ,
2345 913 2414 970 et
2459 904 2578 970 Ca-

176 1005 538 1087 merarius,
582 1002 977 1068 excedentes
1022 1003 1200 1091 ipsos
1246 1005 1652 1092 respective,
1710 1013 1904 1093 prout
1952 1003 2044 1068 eis
2091 1005 2394 1086 subsunt,
2460 1029 2579 1093 per

176 1104 687 1172 subtractionem
728 1105 1313 1171 emolumentorum
1355 1105 1768 1188 eorumdem,
1815 1128 1890 1170 ac
1933 1106 2124 1187 alias,
2179 1113 2252 1168 ut
2290 1105 2576 1192 praefer-

170 1213 303 1287 tur,
348 1205 743 1292 compellant
783 1204 865 1268 ab
914 1203 1287 1289 hujusmodi
1332 1204 1572 1270 illicitis
1617 1205 2058 1271 exactionibus
2103 1204 2426 1270 abstinere
2444 1252 2464 1286 ,
2505 1227 2584 1270 ac

180 1313 412 1368 contra
452 1325 567 1369 eos
603 1323 725 1389 per
762 1301 1125 1390 praedictas
1169 1322 1453 1389 poenas,
1507 1312 1572 1368 et
1609 1303 1802 1386 alias,
1852 1311 2048 1391 prout
2093 1303 2325 1380 melius
2373 1325 2573 1391 expe-

172 1402 321 1468 dire
367 1401 671 1485 viderint,
718 1400 1093 1488 procedant.

347 1503 407 1582 ἓ.
451 1501 553 1568 68.
634 1501 804 1566 Item
846 1498 1301 1567 Sanctissimus
1358 1501 1445 1568 D.
1489 1501 1574 1568 N.
1629 1503 1906 1591 provide
1963 1503 2380 1568 considerans
2433 1523 2580 1566 con-

168 1601 469 1666 suevisse
510 1599 896 1685 quandoque
938 1601 1264 1676 Romanos
1292 1601 1642 1668 Pontifices
1687 1602 2228 1690 praedecessores
2271 1624 2422 1666 suos
2463 1603 2575 1668 be-

170 1699 433 1784 neficia,
480 1721 645 1784 quae
687 1709 955 1764 vacante
998 1698 1176 1766 Sede
1220 1701 1576 1789 apostolica
1619 1723 1845 1767 vacare
1890 1702 2315 1789 contigerant,
2357 1701 2574 1790 dispo-

176 1799 405 1867 sitioni
448 1821 601 1864 suae
640 1821 1009 1882 reservare,
1073 1800 1417 1866 intendens
1459 1801 1542 1866 de
1579 1802 1910 1866 beneficiis
1954 1801 2328 1888 hujusmodi
2353 1851 2372 1884 ,
2445 1810 2578 1869 tam

173 1899 611 1982 conclavistis,
654 1921 849 1984 quam
891 1901 1284 1987 pauperibus
1328 1901 1578 1965 clericis
1595 1949 1614 1983 ,
1680 1911 1745 1966 et
1785 1902 1926 1966 aliis
1969 1901 2385 1969 benemeritis
2431 1923 2576 1989 per-

171 1997 354 2065 sonis
398 1996 767 2085 providere,
816 1997 1046 2080 omnia,
1088 2007 1152 2062 et
1193 1998 1449 2084 singula
1492 1999 1809 2064 beneficia
1849 2022 1970 2089 per
2011 2001 2276 2086 regulas
2309 1999 2575 2066 Cancel-

170 2095 382 2164 lariae
421 2096 809 2182 apostolieae
826 2145 848 2180 ,
910 2105 1019 2160 aut
1066 2097 1385 2182 quaslibet
1424 2099 1582 2162 alias
1643 2100 2024 2187 apostolicas
2089 2100 2576 2167 constitutiones

174 2195 575 2284 temporales
596 2241 619 2277 ,
676 2195 951 2262 Romani
995 2196 1327 2263 Pontificis
1384 2221 1506 2284 pro
1565 2207 1858 2286 tempore
1918 2198 2254 2266 existentis
2302 2198 2574 2284 disposi-

174 2295 345 2362 tioni
390 2293 913 2379 quomodolibet,
958 2303 1025 2358 et
1068 2316 1153 2359 ex
1196 2296 1419 2379 quavis
1464 2319 1652 2362 causa
1692 2299 2013 2364 reservari
2057 2298 2284 2378 solita,
2331 2317 2494 2382 quae
2539 2320 2580 2360 a

176 2394 289 2462 die
340 2394 553 2460 obitus
596 2394 707 2458 fel.
743 2393 999 2460 record.
1048 2393 1403 2462 Clementis
1447 2395 1640 2462 XIII.
1701 2397 2223 2486 praedecessoris
2269 2396 2410 2477 sui,
2471 2417 2576 2459 us-

176 2517 309 2581 que
350 2494 435 2560 ad
482 2493 661 2560 diem
718 2493 1037 2567 decimam
1072 2516 1307 2560 nonam
1352 2494 1508 2581 Maji
1553 2497 1852 2586 proxime
1914 2496 2246 2585 praeteriti
2307 2515 2574 2562 vacave-

172 2605 365 2678 runt,
412 2603 477 2660 et
520 2593 605 2660 de
643 2593 877 2678 quibus
916 2591 1055 2681 per'
1082 2616 1523 2680 quoscumque
1569 2596 1953 2663 Ordinarios
2001 2597 2343 2662 collatores
2359 2647 2380 2680 ,
2421 2603 2574 2658 tunc

178 2695 568 2786 dispositum
608 2715 741 2760 non
780 2693 1012 2777 fuerat,
1056 2716 1171 2759 seu
1210 2695 1423 2759 minus
1466 2696 1681 2760 valide
1725 2696 2108 2784 dispositum
2149 2685 2380 2779 fuerat,
2423 2715 2578 2760 suae

124 2875 133 2884 ἡ
178 2795 565 2883 provisioni,
610 2817 687 2861 ac
726 2793 1131 2882 dispositioni
1172 2795 1546 2860 reservavit.
1635 2795 2020 2862 Decernens
2061 2796 2317 2862 irritum
2363 2801 2484 2860 etc.

357 2897 418 2977 ξ.
464 2897 565 2962 69.
650 2895 855 2978 Item,
918 2896 1068 2979 quia
1110 2894 1195 2959 ad
1236 2895 1675 2984 importunam
1717 2897 2176 2964 nonnullorum
2215 2895 2580 2983 suggestio-

184 3017 361 3078 nem,
411 2995 801 3083 quandoque
852 2995 1125 3082 configit
1160 2995 1704 3083 praedecessores
1749 3020 1900 3063 suos
1949 2998 2272 3064 Romanos
2311 2994 2581 3062 Pontifi-

184 3117 295 3160 ces
356 3118 481 3183 pro
540 3104 835 3184 tempore
876 3095 1228 3162 existentes
1252 3145 1273 3178 ,
1333 3098 1451 3161 sub
1515 3107 1990 3164 contractorum
2046 3098 2432 3179 debitorum,
2473 3093 2586 3158 vel

180 3194 458 3260 diversis
505 3195 649 3260 aliis
697 3196 1145 3284 praetextibus
1192 3197 1608 3284 concessisse,
1657 3207 1724 3261 et
1764 3198 2110 3262 indulsisse
2156 3196 2579 3277 beneficiatiS,

176 3306 252 3362 ut
292 3297 541 3363 fructus
584 3319 849 3365 suorum
888 3297 1392 3380 beneficiorum,
1464 3307 1576 3362 aut
1636 3306 1888 3385 partem
1949 3319 2176 3365 eorum
2219 3295 2582 3384 anticipatis

178 3397 611 3464 solutionibus
654 3397 739 3462 ad
774 3406 1031 3485 tempus
1076 3397 1365 3480 elocare,
1432 3398 1544 3462 vel
1582 3419 1744 3483 erga
1787 3396 2178 3480 creditores,
2240 3406 2350 3462 aut
2393 3418 2576 3484 quas-

182 3519 465 3584 cumque
519 3497 674 3562 alias
739 3519 1051 3586 personas
1098 3497 1389 3584 obligare
1414 3547 1435 3580 ,
1493 3498 1604 3562 vel
1643 3497 2120 3584 hypothecare,
2181 3497 2252 3562 in
2295 3495 2578 3561 solutum

179 3597 359 3682 dare,
400 3606 513 3665 aut
554 3599 711 3664 alias
750 3599 1244 3688 quomodolibet
1288 3599 1371 3667 de
1418 3599 1512 3663 eis
1557 3599 1906 3686 disponere
1947 3597 2206 3679 liceret,
2281 3595 2364 3661 ad
2411 3604 2572 3660 tem·

177 3723 301 3785 pus
346 3698 605 3763 minime
645 3699 1017 3766 restrictum
1078 3698 1163 3762 ad
1203 3699 1403 3763 vitam
1458 3697 1961 3787 supplicantium
2014 3719 2162 3762 cum
2201 3695 2388 3782 gravi
2433 3718 2576 3760 suc-

180 3821 515 3866 cessorum
558 3799 977 3886 praejudicio,
1021 3809 1087 3863 et
1130 3798 1550 3864 ecclesiarum
1597 3797 2022 3863 detrimento:
2065 3797 2216 3862 ideo
2259 3795 2575 3863 indemni-

180 3901 295 3964 tati
341 3899 793 3983 ecclesiarum‚
854 3910 920 3966 et
964 3921 1412 3970 successorum
1473 3899 1543 3964 in
1587 3898 1928 3964 beneficiis
1985 3896 2357 3984 hujusmodi
2413 3896 2578 3962 salu-

181 3997 384 4063 briter
430 4000 773 4064 consulere
816 3999 1093 4081 volens;
1136 3998 1489 4081 revocavit,
1533 3987 1826 4081 cassavit,
1869 4007 1933 4062 et
1959 3996 2316 4062 annullavit
2350 3995 2580 4078 omnia„

182 4106 247 4161 et
282 4097 543 4184 singula
582 4098 857 4184 indulta,
907 4109 972 4163 et
1012 4099 1350 4164 facultates
1398 4097 1467 4162 in
1511 4119 1586 4162 ea
1623 4108 1809 4185 parte
1828 4149 1848 4182 ,
1893 4121 2016 4184 qua
2059 4097 2350 4164 nondum
2396 4117 2574 4178 vere,

182 4205 248 4261 et
280 4199 548 4266 realiter
598 4221 787 4263 suum
828 4199 1051 4266 sortita
1094 4209 1243 4266 sunt
1286 4199 1632 4282 effectum,
1693 4221 1816 4286 per
1861 4219 2302 4286 quoscumque
2343 4197 2574 4264 Roma-

178 4320 295 4366 nos
358 4297 711 4364 Pontifices
767 4299 1305 4387 praedecessores
1362 4321 1514 4366 suos
1556 4300 1872 4365 hactenus
1927 4298 2010 4365 ad
2063 4298 2356 4362 favorem
2415 4320 2570 4384 qua-

176 4420 605 4486 rumcumque
646 4421 1075 4486 personarum
1114 4421 1455 4466 concessas
1479 4448 1500 4481 ,
1549 4399 1778 4486 quibus
1829 4398 1922 4464 eis
1937 4447 1956 4482 ‚
2020 4397 2131 4462 vel
2177 4418 2404 4462 eorum
2443 4397 2570 4464 sin-
