2959 4984
554 297 707 353 ‚XIL
782 303 1145 355 FRIDERIGI
1191 301 1257 353 11.
1298 304 1784 358 CONSTITUTIO
1826 307 1890 357 A.
1932 303 2086 358 1220.
2461 303 2533 358 85

127 478 335 556 gatur.
434 468 634 552 Quod
676 469 732 533 si
771 469 939 534 forte
985 470 1189 536 iudex
1232 473 1540 554 extiterit,
1585 474 1720 538 eius
1771 475 2088 540 sententia
2133 476 2375 541 nullam
2419 479 2526 542 ob-

126 571 325 634 tineat
374 570 763 652 firmitatem,
806 592 929 636 nee
973 594 1161 637 cause
1204 572 1417 658 alique
1464 575 1548 638 ad
1591 575 1728 640 eius
1771 573 2162 640 audientiam
2196 577 2526 663 perferan—

126 680 245 734 tur.
298 667 379 735 Si
428 669 625 734 fuerit
665 669 1032 754 advocatus,
1080 673 1217 737 eius
1259 675 1688 760 patrocinium
1734 676 2099 741 nullatenus
2120 675 2527 742 admittatur.

124 769 195 836 Si
238 769 548 852 tabellio,
587 769 1013 834 instrumenta
1059 771 1349 837 confecta
1390 795 1512 862 per
1555 774 1768 861 ipsum
1810 775 2052 840 nullius
2093 774 2354 864 penitus
2402 776 2528 840 sint

123 870 457 935 momenti.

289 971 350 1036 7.
395 969 699 1056 Navigia,
730 992 1137 1056 quocumque
1172 972 1470 1038 locorum
1493 972 1894 1061 perveniant,
1938 974 1990 1039 si
2021 997 2147 1060 quo
2189 999 2338 1041 casu
2377 1001 2524 1044 eon-

126 1071 422 1156 tingente
476 1079 665 1158 rupta
704 1071 977 1153 fuerint,
1033 1072 1142 1136 vel
1184 1071 1335 1136 alias
1374 1072 1459 1138 ad
1499 1081 1739 1138 terram
1780 1073 2194 1162 perveniant,
2245 1085 2375 1140 tam
2416 1101 2526 1143 na-

126 1170 299 1256 vigia
342 1170 489 1258 ipsa
544 1193 743 1256 *quam
791 1171 1233 1258 navigantium
1274 1175 1443 1238 bona
1503 1173 1632 1238 illis
1687 1173 1945 1259 integre
1988 1184 2404 1239 reserventur
2445 1177 2530 1243 ad

125 1293 281 1354 quos
344 1269 733 1358 spectabant,
781 1281 933 1348 ante
991 1295 1183 1358 quam
1235 1273 1568 1358 navigium
1609 1273 1983 1341 huiusmodi
2028 1275 2389 1363 perieulum
2427 1279 2523 1344 in-

125 1372 464 1454 currisset,
530 1373 777 1461 sublata
824 1372 1081 1461 penitus
1128 1373 1302 1437 omni
1350 1374 1819 1449 consuetudine
1863 1375 2153 1440 locorum
2201 1398 2325 1461 que
2370 1378 2522 1444 huic

122 1471 499 1536 adversatur
544 1473 892 1555 sanctioni3
952 1473 1077 1538 nisi
1122 1473 1271 1538 talia
1314 1472 1441 1537 sint
1482 1474 1740 1560 navigia
1785 1496 1910 1560 que
1954 1475 2285 1566 piraticam
2333 1502 2521 1545 exer-

127 1581 340 1654 ceant,
386 1582 501 1636 aut
540 1571 671 1638 sint
708 1572 897 1638 nobis
942 1574 1051 1637 vel
1095 1573 1438 1638 christiano
1482 1575 1730 1639 nomini
1767 1575 2042 1640 inimica.
2131 1577 2523 1665 Transgres-

125 1696 294 1738 sores
366 1682 585 1738 autem
649 1675 837 1739 huius
896 1684 1118 1741 nostre
1180 1675 1652 1740 constitutionis
1713 1679 2034 1742 bonorum
2091 1679 2523 1765 publicatione

131 1775 525 1854 multentur,
588 1781 653 1838 et
710 1773 763 1838 si
822 1795 929 1838 res
975 1775 1311 1860 exegerit,
1358 1796 1585 1840 eorum
1631 1776 1894 1842 audacia
1935 1777 2116 1842 iuxta
2157 1777 2527 1845 mandatum

122 1887 413 1941 nostrum
460 1875 670 1940 modis
711 1875 853 1940 aliis
892 1884 1356 1964 compescatur.

282 1977 343 2042 8.
447 1975 696 2044 Omnes
737 1999 894 2041 vero
938 1976 1275 2063 peregrini
1322 1985 1389 2040 et
1426 1975 1678 2040 advene
1721 1975 1926 2040 libere
1969 1975 2376 2065 hospitentur
2415 1980 2527 2045 ubi

125 2076 489 2170 voluerint3
558 2085 623 2140 et
660 2075 999 2164 hospitati,
1044 2075 1100 2138 si
1144 2067 1382 2141 testare
1423 2074 1765 2156 voluerint,
1813 2074 1895 2138 de
1939 2076 2136 2140 rebus
2179 2077 2310 2142 suis
2356 2079 2527 2144 ordi-

124 2177 309 2241 nandi
354 2177 635 2242 liberam
678 2177 958 2240 habeant
998 2174 1401 2257 facultatem3
1467 2195 1744 2258 quorum
1785 2173 2102 2238 ordinatio
2146 2174 2526 2242 inconcussa

127 2287 439 2342 servetur.
520 2274 595 2342 Si
641 2298 799 2341 vero
842 2275 1125 2340 intestati
1172 2275 1607 2358 decesserint,
1655 2274 1736 2338 ad
1773 2273 2100 2362 hospitem
2141 2274 2340 2339 nichil
2381 2299 2527 2364 per-

130 2379 357 2460 veniat,
428 2385 531 2442 set
571 2379 739 2442 bona
792 2377 1085 2464 ipsorum
1140 2399 1261 2464 per
1320 2399 1546 2440 manus
1591 2373 1879 2463 episcopi
1924 2372 2052 2437 loci
2096 2373 2428 2440 tradantur
2476 2377 2528 2440 si

132 2477 265 2542 fieri
309 2487 536 2566 potest
579 2477 951 2560 heredibus,
974 2477 1105 2550 ¹vel
1144 2477 1214 2540 in
1242 2477 1379 2565 pias
1414 2499 1631 2540 causas
1665 2482 2038 2561 erogentur.
2083 2472 2340 2561 Hospes
2367 2497 2526 2542 vero

131 2577 179 2640 si
235 2576 488 2663 aliquid
551 2577 633 2641 de
686 2577 871 2641 bonis
933 2576 1155 2641 talium
1210 2588 1430 2641 contra
1468 2577 1636 2640 hanc
1677 2583 1962 2639 nostram
2005 2573 2526 2642 constitutionem

126 2677 457 2759 habuerit,
494 2677 783 2764 triplum
828 2677 1133 2765 episcopo
1174 2677 1502 2758 restituat,
1564 2675 1795 2760 quibus
1853 2674 2062 2739 visum
2122 2674 2320 2739 fuerit
2363 2676 2519 2740 assi-

128 2776 478 2859 gnandum.
604 2775 758 2841 Non
820 2779 1114 2845 obstante
1175 2786 1409 2842 statuto
1466 2775 1683 2861 aliquo
1729 2783 1838 2840 aut
1893 2775 2360 2840 consuetudine
2410 2798 2526 2841 seu

132 2877 311 2942 etiam
372 2875 728 2965 privilegio
793 2897 918 2960 que
984 2877 1292 2942 hactenus
1355 2875 1746 2942 contrarium
1798 2875 2205 2939 inducebant.
2297 2874 2372 2942 Si
2417 2876 2527 2962 qui

131 2987 353 3042 autem.
393 2987 622 3042 contra
680 2978 1230 3066 presumpserint,
1304 2978 1395 3042 eis
1441 2977 1541 3042 -de
1583 2999 1658 3042 re
1700 2978 1896 3042 rebus
1941 2976 2072 3040 suis
2106 2973 2394 3040 ‘testandi
2433 2979 2527 3042 in-

134 3077 503 3142 terdicimus
557 3078 959 3160 facultatem,
1022 3087 1096 3142 ut
1146 3077 1216 3142 in
1278 3101 1353 3143 eo
1399 3077 1748 3166 puniantur
1789 3076 1857 3141 in
1901 3097 2028 3159 quo
2074 3075 2526 3163 deliquerunt3

132 3177 295 3260 alias,
336 3187 541 3266 prout
584 3178 772 3266 culpe
818 3165 1087 3263 qualitas
1131 3178 1451 3264 exegerit,
1492 3177 1826 3266 puniendi.

286 3279 345 3343 9.
439 3277 895 3363 Agricultores
939 3287 1006 3342 et
1047 3278 1215 3344 cirea
1256 3300 1395 3342 rem
1440 3279 1747 3343 rusticam
1794 3277 2117 3366 occupati,
2161 3279 2317 3342 dum
2356 3279 2528 3345 villis

134 3376 442 3459 insident,
489 3377 644 3441 dum
692 3399 887 3463 agros
933 3379 1186 3460 colunt,
1234 3378 1443 3442 securi
1473 3377 1617 3442 'sint
1660 3399 2059 3463 quacumque
2102 3389 2284 3466 parte
2329 3389 2526 3445 terra-

134 3499 286 3561 rum,
318 3479 411 3543 ita
438 3487 511 3542 ut
537 3477 754 3543 nullus
792 3478 1154 3544 inveniatur
1180 3487 1308 3544 tam
1329 3477 1565 3561 audax,
1588 3485 1660 3542 ut
1689 3501 2054 3567 personam,
2101 3481 2298 3544 boves
2339 3503 2526 3564 agro-

135 3599 288 3659 rum,
311 3578 759 3661 instrumenta,
788 3589 895 3644 aut
937 3580 990 3644 si
1020 3579 1175 3664 quid
1211 3578 1389 3644 aliud
1410 3579 1494 3642 sit
1526 3577 1700 3664 quod
1743 3579 1828 3643 ad
1855 3601 2117 3666 operam
2147 3579 2532 3644 rusticanam

136 3677 486 3761 pertineat,
548 3677 896 3762 invadere,
944 3701 1175 3766 capere
1214 3688 1323 3744 aut
1359 3679 1680 3744 violenter
1721 3679 1978 3743 auferre
2019 3687 2366 3767 presumat.
2454 3675 2529 3742 Si

138 3777 269 3859 quis
310 3787 532 3842 autem
578 3787 881 3842 statutum
935 3779 1305 3844 huiusmodi
1360 3803 1525 3844 ausu
1562 3778 1902 3844 temerario
1947 3779 2189 3843 violare
2233 3799 2523 3866 piesum-

137 3879 356 3963 pserit,
424 3879 495 3943 in
544 3879 973 3968 quadruplum
1020 3881 1229 3944 ablata
1270 3879 1587 3962 restituat,
1627 3879 1891 3945 infamie
1933 3888 2150 3944 notam
2191 3878 2333 3960 ipso
2379 3876 2522 3942 iure

134 3976 434 4063 incurrat3
479 3976 801 4067 imperiali
840 3979 1399 4046 animadversione
1438 3980 1894 4045 nichilominus
1935 3968 2320 4068 puniendus.
