2959 4984
333 250 442 305 118
649 249 788 297 XXI.
871 246 1070 299 ORDO
1115 244 1575 296 CELEBRANDI
1614 242 2019 295 GENERALIS
2058 240 2393 295 00N01L11.

328 417 614 502 primum
674 409 758 475 de
801 410 947 474 loco
998 405 1300 490 Concilii,
1357 414 1422 470 et
1481 404 1736 470 sedium
1794 404 2218 494 dispositione
2286 409 2737 475 disserendum

331 524 673 605 putamus:
737 508 968 573 deinde
1017 507 1099 572 de
1145 505 1480 594 personiS,
1543 514 1609 569 et
1672 527 1894 571 earum
1938 506 2197 573 habitu:
2266 513 2461 575 tertia
2509 510 2595 575 de
2636 534 2735 575 or-

334 616 486 682 dine
547 634 765 677 rerum
829 608 1304 696 gerendarum,
1367 617 1433 672 et
1498 607 1729 671 ultimo
1786 606 1869 671 de
1912 607 2109 673 sacris
2149 610 2451 699 precibus
2492 619 2558 675 et
2598 634 2735 677 ora-

340 716 622 781 tionibus
663 713 746 777 ad
789 712 1028 777 Deum.

507 813 833 881 Generale
887 812 1252 880 Concilium
1307 823 1462 878 tunc
1511 811 1886 877 canonicum
1956 820 2021 875 et
2084 812 2437 901 leqitimum
2482 822 2736 901 reputa-

339 926 462 999 tur,
507 938 654 980 cum
699 914 1046 980 aRomano
1095 914 1400 979 canonico
1429 912 1751 978 Pontifice
1789 912 2137 997 inducitur,
2174 913 2283 977 vel
2322 913 2501 997 quod
2540 910 2737 977 schis-

340 1017 524 1081 matis
569 1014 914 1080 saevientis
955 1016 1242 1103 procella
1289 1014 1603 1079 catholica
1641 1012 1933 1077 Ecclesia
1976 1011 2099 1077 sibi
2140 1012 2267 1100 ipsi
2310 1012 2559 1079 indicit.
2606 1012 2737 1079 Ne-

341 1140 468 1203 que
541 1114 906 1183 Concilium
977 1116 1242 1200 aliquod
1307 1123 1679 1203 susceptum
1734 1112 2055 1199 legimus,
2126 1113 2302 1197 quod
2356 1112 2743 1201 Apostolica

341 1218 515 1283 beati
564 1215 745 1281 Petri
788 1216 978 1281 sedes
1017 1238 1152 1281 non
1192 1213 1600 1303 probaverit,
1660 1212 1887 1297 illique
1951 1212 2060 1277 vel
2098 1234 2221 1301 per
2262 1235 2449 1277 suum
2494 1212 2737 1279 antisti-

339 1328 490 1401 tem,
525 1317 887 1383 Romanum
929 1315 1354 1399 Pontificem,
1394 1314 1504 1379 vel
1543 1336 1663 1401 per
1706 1313 1843 1379 eius
1886 1314 2140 1399 legatos
2190 1336 2323 1379 non
2362 1312 2741 1401 praefuerit.

1372 1497 1586 1587 Caput
1625 1497 1715 1563 H.

1017 1613 1121 1681 De
1167 1615 1309 1679 loco
1357 1629 1418 1679 et
1463 1615 1724 1679 aedibus
1775 1612 2079 1679 Concilii.

503 1748 584 1811 In
623 1748 794 1813 dicto
838 1748 1040 1835 igitur
1086 1748 1378 1814 Concilio
1426 1748 1719 1834 generali
1764 1755 2029 1812 ornetur
2072 1746 2255 1811 locus
2302 1744 2581 1811 Concilii
2606 1795 2627 1830 ,
2669 1746 2739 1811 id

345 1856 462 1929 est,
509 1848 620 1912 ubi
663 1849 964 1935 publicae
1008 1849 1328 1913 sessiones
1375 1848 1713 1914 habendae
1758 1856 1905 1911 sunt
1944 1847 2012 1912 in
2033 1846 2325 1911 Ecclesia
2360 1846 2737 1930 cathedrali,

349 1948 484 2011 sive
532 1947 656 2012 alio
704 1950 919 2038 capaci
958 1949 1124 2032 loce,
1164 1950 1234 2013 in
1275 1950 1448 2013 hunc
1488 1949 1697 2013 ferme
1736 1947 2022 2013 modum.

509 2046 806 2112 Primum
853 2058 1154 2114 caveatur
1175 2099 1194 2132 ,
1253 2058 1327 2114 ut
1367 2050 1597 2129 nullus¹
1643 2049 1901 2113 omnino
1958 2048 2167 2112 aditus
2210 2046 2615 2131 relinquatur
2656 2046 2741 2111 ad

343 2149 558 2236 ipsum
605 2148 856 2231 locum,
924 2158 1185 2238 praeter
1231 2173 1430 2215 unum
1477 2157 1727 2214 tantum
1750 2198 1769 2231 ,
1816 2147 1926 2233 qui
1966 2147 2171 2211 valvis
2216 2157 2283 2211 et
2318 2147 2523 2211 firmis
2568 2146 2738 2212 clau-

300 2312 318 2330 ,
341 2248 506 2313 suris
552 2251 836 2315 obserari
885 2251 1109 2338 possit.
1198 2249 1273 2317 Si
1321 2251 1446 2315 erit
1484 2250 1779 2315 Ecclesia
1822 2247 2245 2330 cathedrali8‚
2311 2247 2749 2331 relinquenda

345 2350 490 2433 erit,
537 2350 890 2415 dummodo
933 2351 1016 2416 sit
1051 2374 1286 2439 capax,
1347 2374 1495 2439 pars
1544 2349 1842 2437 superior
1888 2347 2061 2436 apud
2100 2347 2333 2433 Altare
2376 2349 2581 2413 maius
2624 2370 2747 2437 pro

343 2450 556 2515 missis
601 2452 974 2517 solennibus
1019 2452 1444 2534 celebrandis,
1490 2461 1555 2515 et
1603 2449 1926 2515 asseribus
1948 2498 1967 2532 ‚
2012 2458 2123 2513 aut
2164 2447 2291 2511 alia
2330 2446 2602 2512 materia
2644 2468 2745 2512 se-

344 2552 629 2639 paranda
679 2576 716 2615 a
741 2562 941 2639 parte
985 2552 1276 2616 inferiori
1307 2600 1327 2634 ,
1393 2552 1462 2616 in
1505 2574 1630 2636 qua
1677 2550 1867 2615 sedes
1908 2551 2295 2637 aptabuntur
2343 2570 2465 2635 pro
2510 2544 2747 2613 Conci-

345 2651 454 2716 lio.
535 2652 749 2736 Igitur
790 2652 859 2715 in
905 2652 1111 2739 capite
1151 2652 1298 2734 loci,
1345 2652 1455 2717 ubi
1500 2650 1823 2715 sessiones
1870 2646 2319 2730 celebrandae„
2342 2655 2551 2730 erunt,
2594 2670 2747 2711 con-

351 2752 646 2815 stituetur
694 2752 1010 2815 thalamus
1046 2774 1177 2837 pro
1221 2752 1374 2824 sede
1416 2750 1649 2836 Papae
1676 2796 1697 2830 ,
1766 2772 1911 2814 cum
1958 2748 2161 2813 tribus
2205 2746 2515 2833 gradibus
2564 2746 2746 2812 debi-

349 2860 451 2915 tae
515 2852 995 2937 proportionis,
1057 2851 1329 2916 latitudo
1388 2850 1601 2915 ultimi
1644 2850 1823 2937 plani
1888 2848 2011 2915 erit
2066 2849 2297 2915 decem
2354 2848 2744 2937 palmorum,

347 2949 690 3037 longitudo
734 2973 891 3016 vero
937 2951 1325 3017 duodecim:
1367 2952 1436 3016 in
1481 2950 1700 3016 medio
1744 2951 1867 3015 erit
1906 2950 2098 3015 sedes
2144 2972 2290 3015 cum
2332 2972 2448 3014 suo
2492 2958 2745 3036 poster-

349 3051 516 3137 gali,
563 3060 628 3114 et
671 3074 816 3116 cum
861 3053 1159 3117 scabellis
1205 3074 1445 3138 magno
1490 3060 1555 3117 et
1593 3073 1829 3139 parvo,
1904 3060 1969 3115 et
2012 3050 2226 3115 omnia
2271 3059 2459 3115 erunt
2502 3060 2749 3134 ornata,

346 3162 422 3215 ut
477 3150 552 3213 fit
603 3152 673 3215 in
731 3153 986 3240 publico
1047 3152 1489 3234 Consistori03
1558 3161 1751 3217 erunt
1809 3151 2004 3217 etiam
2068 3152 2197 3215 duo
2260 3151 2542 3215 scabella
2595 3151 2752 3215 hinc

343 3252 500 3317 inde
541 3274 660 3340 pro
703 3253 1009 3319 Diaconis
1049 3253 1493 3319 assistentibus
1534 3253 1776 3341 Papae.
1817 3252 1897 3315 In
1938 3252 2070 3316 ista
2110 3252 2282 3316 linea
2320 3250 2539 3315 nullae
2576 3249 2751 3315 aliae

349 3361 538 3419 erunt
581 3352 790 3435 sedes,
834 3352 957 3417 nisi
997 3354 1165 3419 forte
1209 3353 1650 3443 ImperatoriS,
1694 3361 1806 3418 aut
1854 3354 2133 3439 Regum,
2177 3352 2231 3416 si
2282 3351 2423 3435 quis
2467 3350 2747 3416 istorum

351 3462 526 3519 esset
574 3452 996 3517 interfuturus
1058 3452 1373 3521 Concilio.
1465 3452 1678 3520 Sedes
1739 3448 2357 3519 IMPERATORIS
2413 3451 2747 3538 parabitur

351 3554 532 3619 iuxta
576 3552 802 3617 sedem
842 3552 1095 3642 Papae:
1169 3576 1334 3639 quae
1381 3556 1645 3621 habebit
1690 3554 1849 3620 duos
1891 3554 2135 3641 gradus
2179 3551 2553 3618 coniunctos
2597 3569 2751 3637 gra-

355 3655 542 3719 dibus
585 3654 837 3743 Papae,
908 3655 1024 3717 sed
1063 3678 1196 3719 non
1241 3669 1462 3720 tantae
1510 3656 1876 3720 latitudinis
1924 3669 2036 3719 aut
2080 3653 2557 3741 lonyitudinis5
2628 3652 2755 3717 erit

352 3765 575 3821 ornata
631 3778 777 3819 cum
833 3777 1047 3842 panno
1105 3778 1298 3821 aureo
1349 3766 1500 3845 post
1544 3764 1803 3842 tergum
1832 3805 1852 3840 ,
1912 3756 2029 3822 sed
2086 3778 2222 3820 non
2283 3776 2479 3841 supra
2538 3761 2752 3841 caput,

351 3856 618 3921 habebit
659 3856 1010 3921 scabellum
1065 3879 1338 3943 parvum
1384 3857 1466 3921 ad
1512 3858 1718 3944 pedes
1740 3907 1759 3940 ‚
1808 3858 1999 3922 viridi
2044 3856 2263 3922 colore
2304 3854 2569 3943 pictum.
2657 3852 2751 3918 Et

353 4093 450 4148 lib.
491 4096 531 4148 Ι.
571 4100 706 4151 sect.
741 4097 931 4165 XIV.,
969 4098 1149 4153 denuo
1184 4098 1336 4153 edito
1372 4116 1404 4151 a
1438 4098 1740 4152 Hoffmann
1774 4098 1933 4153 Nova
1969 4098 2301 4167 scriptorum
2336 4114 2401 4153 ac
2434 4114 2756 4151 monumen-

361 4184 549 4234 torum
585 4185 862 4238 collectiO.
920 4185 1074 4240 Tom.
1116 4186 1158 4239 I.
1197 4202 1325 4255 pag.
1363 4186 1665 4241 269-740.
1724 4184 2043 4240 Notabilem
2075 4185 2223 4239 hunc
2253 4185 2505 4240 libellum
2534 4186 2605 4239 ab
2641 4184 2756 4239 Au-

355 4267 580 4335 gustino
615 4270 864 4326 Patricio
900 4272 1309 4327 Piccolomineo
1361 4291 1412 4327 a.
1452 4274 1595 4328 1488
1634 4272 2004 4341 compositum
2058 4289 2179 4327 esse
2212 4271 2415 4327 Editor
2462 4271 2637 4327 firmis
2672 4290 2756 4330 ar-

356 4354 636 4499 ggtmegitis
693 4360 967 4425 probavit.
1045 4360 1338 4416 Caeterum
1389 4360 1517 4415 vide
1565 4360 1862 4415 Lehrbuch
1918 4360 2015 4413 des
2064 4359 2500 4416 Kirehenreehts
2538 4364 2590 4425 ἓ.
2630 4359 2753 4415 157.

354 4456 394 4493 n
