2959 4984
431 260 538 321 368
733 260 900 316 LxV.
974 261 1459 317 Conconns‘ra
1498 258 2206 315 wm'rEMBEnGENsIA
2248 263 2311 314 A.
2350 259 2511 315 185⁷.

607 428 884 517 Insuper
925 426 1166 495 Sancta
1203 425 1420 495 Sedes
1459 428 1717 511 annuit,
1760 436 1865 509 ut,
1926 425 2233 513 quamdiu
2292 426 2541 514 publici
2598 425 2819 493 aerarii

435 527 794 617 sumptibus
839 537 976 595 tum
1018 529 1469 615 generalibus,
1522 538 1661 593 tum
1704 526 2051 610 localibus,
2100 526 2433 593 Ecclesiae
2478 526 2813 592 necessita-

431 628 602 695 tibus
649 628 1085 711 subvenietur,
1124 628 1444 696 beneficia
1479 628 1770 695 vacantia
1824 636 1893 693 et
1930 626 2169 694 fundus
2214 649 2303 695 ex
2340 627 2819 693 intercalaribus

433 750 660 795 eorum
696 728 1008 795 fructibus
1073 729 1380 796 collectus
1445 727 1977 795 administrentur
2030 730 2151 795 sub
2194 728 2505 817 Episcopi
2556 728 2817 793 auctori-

430 838 561 895 tate
608 838 676 895 et
717 827 1050 895 Ecclesiae
1107 830 1369 896 nomine
1422 851 1546 919 per
1591 828 2130 896 Commissionem
2190 828 2462 895 mixtam
2526 850 2617 894 ex
2676 829 2822 894 viris

433 930 822 1019 praesertim
863 929 1310 997 ecclesiasticis
1354 931 1436 997 ab
1479 928 1807 1019 Episcopo
1854 928 2265 1018 deputandis,
2310 938 2377 995 et
2412 929 2572 993 viris
2618 930 2820 995 catho-

441 1030 584 1095 licis
639 1030 782 1121 pari
835 1051 1106 1095 numero
1149 1054 1188 1095 a
1228 1030 1440 1117 Regio
1488 1028 1825 1097 Gubernio
1871 1028 2355 1095 constituendis.
2441 1030 2825 1096 Huiusmodi

437 1139 654 1197 autem
701 1129 1154 1197 Commissioni
1191 1129 1557 1219 Episcopus
1600 1128 1743 1220 ipse
1808 1131 2031 1215 ejusve
2079 1130 2447 1216 Delegatus
2514 1132 2822 1221 praeerit:

439 1233 592 1316 Qua
651 1230 735 1297 de
785 1251 861 1297 re
907 1230 1204 1319 specialis
1251 1240 1443 1316 atque
1484 1230 1837 1297 accuratior
1879 1230 2048 1297 inter
2092 1230 2377 1317 Regium
2420 1230 2823 1299 Gubernium

447 1340 514 1397 et
551 1330 951 1420 Episcopum
995 1330 1112 1396 fiet
1150 1330 1513 1396 conventio.

601 1430 814 1497 Huius
857 1430 1043 1497 fundi
1090 1430 1340 1497 reditus
1378 1452 1539 1519 prae
1586 1429 1821 1497 ceteris
1868 1452 2128 1519 semper
2172 1441 2363 1498 erunt
2412 1433 2731 1519 erogandi
2767 1433 2831 1498 in

443 1531 788 1618 augendos
829 1552 1038 1616 usque
1083 1530 1168 1597 ad
1209 1554 1564 1619 congruam
1604 1530 2047 1597 Parochorum
2084 1532 2355 1615 reditus,
2396 1533 2470 1599 in
2508 1534 2829 1622 assignan-

441 1633 556 1699 das
597 1632 1004 1697 Beneficiatis
1055 1631 1236 1697 senio
1281 1632 1591 1697 morbove
1637 1630 1943 1697 confectis
1988 1642 2424 1719 congruentes
2471 1635 2825 1723 pensiones,

437 1732 508 1801 in
561 1732 1044 1799 constituendos
1086 1755 1206 1822 pro
1253 1730 1528 1799 Clericis
1574 1732 1999 1799 ordinationis
2042 1733 2296 1818 titulos,
2362 1734 2433 1800 in
2471 1734 2827 1800 necessaria

439 1855 560 1923 pro
609 1831 998 1920 deputandis
1044 1830 1318 1897 Vicariis
1360 1830 1716 1919 stipendia,
1787 1854 1955 1917 quae
1997 1854 2155 1898 vero
2200 1844 2636 1922 supererunt,
2676 1857 2821 1900 non-

443 1931 568 1997 nisi
609 1932 680 1997 in
729 1931 890 1998 alios
929 1930 1262 1997 Ecclesiae
1303 1953 1460 1997 usus
1502 1931 1981 2020 impendentur.

607 2030 890 2117 Regium
913 2030 1324 2099 Gubernium
1369 2030 1454 2095 de
1494 2030 1700 2120 ipsius
1740 2032 1923 2098 fundi
1962 2032 2452 2099 conservatione
2492 2034 2831 2101 fi-uctuum-
2957 2037 2959 2084 ῗ

446 2152 571 2218 que
617 2130 996 2217 erogatione
1031 2133 1111 2197 ab
1139 2130 1625 2197 administrante
1652 2130 2123 2198 Commissione
2158 2156 2418 2221 semper
2446 2135 2831 2202 edocebitur.

613 2230 944 2316 Quamdiu
983 2230 1188 2297 mixta
1229 2254 1348 2320 pro
1389 2231 1943 2299 administratione
1987 2233 2279 2319 ejusdem
2304 2232 2493 2300 fundi
2526 2233 2830 2301 Commis-

447 2331 542 2399 sio
613 2332 886 2415 existet,
949 2330 1202 2416 reliqua
1261 2331 1454 2397 etiam
1514 2332 1831 2399 beneficia
1894 2335 1975 2399 ab
2022 2354 2247 2399 eorum
2292 2332 2681 2401 Rectoribus
2724 2336 2827 2399 sub

447 2433 773 2521 praefatae
820 2430 1308 2499 commissionis
1364 2433 1661 2519 generali
1713 2432 2117 2522 inspectione
2164 2434 2524 2501 secundum
2570 2456 2827 2501 canones

449 2533 1082 2600 administrabuntur.

615 2634 762 2701 Art.
803 2634 924 2701 XI.
1009 2632 1374 2722 Episcopus
1419 2658 1567 2701 cum
1606 2633 1833 2720 Regiis
1860 2634 2345 2721 Magistratibus
2388 2636 2691 2703 omnibus
2726 2636 2827 2702 im-

452 2734 730 2801 mediate
776 2734 1286 2802 communicabit.

621 2835 769 2901 Art.
815 2834 970 2901 XII.
1060 2835 1525 2921 Quaecumque
1594 2858 1739 2903 cum
1808 2834 2137 2924 praesenti
2196 2834 2651 2903 Conventione
2712 2858 2827 2902 non

455 2944 824 3021 congruunt
866 2937 1074 3023 Regia
1110 2937 1394 3005 Decreta
1435 2944 1502 3003 et
1537 2936 1803 3020 Edicta,
1882 2938 2194 3021 abrogata
2236 2945 2416 3020 sunt3
2480 2959 2645 3023 quae
2684 2959 2820 3003 vero

449 3034 673 3121 legum
707 3035 1158 3125 dispositiones
1195 3037 1410 3103 eidem
1441 3035 1872 3104 Conventioni
1916 3036 2358 3120 adversantur,
2405 3040 2821 3104 mutabuntur.

624 3136 773 3202 Art.
815 3136 1007 3203 XIII.
1092 3136 1169 3205 Si
1209 3160 1374 3223 quae
1411 3138 1481 3203 in
1525 3146 1859 3226 posterum
1901 3159 2099 3225 super
2140 3136 2252 3219 iis,
2322 3159 2491 3222 quae
2534 3146 2822 3205 conventa

455 3245 642 3320 sunt,
705 3238 1154 3326 superveniret
1192 3237 1575 3322 difficultas,
1628 3237 1840 3323 Regia
1879 3237 2185 3323 Majestas
2230 3245 2297 3301 et
2336 3234 2665 3305 Sanctitas
2704 3236 2819 3305 Sua

454 3336 737 3405 invicem
781 3339 1116 3405 conferent
1155 3339 1237 3404 ad
1281 3360 1424 3404 rem
1459 3339 1664 3403 amice
1710 3338 2243 3427 componendam.

621 3437 1100 3505 Ratificationes
1145 3437 1509 3527 praesentis
1562 3436 2024 3504 conventionis
2068 3445 2290 3503 mutuo
2336 3438 2676 3505 tradentur
2715 3438 2818 3505 Ro-

457 3560 600 3605 mae
647 3538 924 3605 duorum
965 3539 1284 3604 mensium
1325 3538 1551 3628 spatie,
1596 3547 1705 3603 aut
1744 3538 1949 3621 citius,
1996 3538 2052 3603 si
2095 3538 2239 3603 fieri
2276 3539 2537 3625 poterit.

623 3639 704 3705 In
746 3660 1020 3725 quorum
1056 3638 1258 3704 fidem
1302 3638 1617 3728 praedicti
1646 3638 2206 3726 Plenipotentiarii
2229 3640 2383 3705 huic
2412 3636 2815 3707 Conventioni

458 3740 1000 3829 subscripserunt,
1035 3739 1343 3824 illamque
1393 3763 1511 3805 suo
1556 3739 1828 3824 quisque
1868 3738 2089 3825 sigillo
2131 3739 2653 3825 obsignaverunt.

628 3839 873 3905 Datum
925 3840 1170 3905 Romae
1239 3838 1345 3904 die
1413 3848 1637 3905 octava
1681 3838 1933 3927 Aprilis
1994 3862 2163 3905 anno
2215 3848 2552 3927 reparatae
2620 3835 2815 3905 salutis

457 3938 800 4005 millesimo
851 3937 1387 4027 octingentesimo
1433 3939 1971 4026 quinquagesimo
2015 3939 2311 4027 septimo.

911 4038 1092 4125 (sig.)
1139 4038 1412 4107 Carolus
1455 4040 1637 4126 Aug.
1687 4038 1881 4106 Card.
1930 4038 2013 4103 de
2056 4038 2346 4104 Reisach.

1109 4240 1462 4331 Adolphus
1506 4242 1675 4310 liber
1718 4244 1875 4310 baro
1920 4239 2005 4305 de
2048 4237 2195 4307 Ow.
