2959 4984
361 249 470 306 248
655 246 956 300 XXXVIII.
1037 244 1285 296 BULLA
1331 241 1472 294 PRO
1510 239 1761 292 REGNO
1796 237 2207 290 BORUSSICO
2241 237 2307 286 A.
2347 231 2503 286 1821.

352 412 737 482 Allendorff
775 448 859 456 —-
907 404 1386 474 Blankenheim
1409 440 1499 452 --
1520 400 1951 468 Dollendorff
1982 441 2049 452 --
2086 400 2429 466 HoHerath
2458 435 2542 447 ·-
2561 403 2752 468 Lom-

355 511 712 582 mersdorff
743 546 832 558 ·-—
871 505 1287 576 Manderfeld
1309 543 1378 552 --
1415 503 1797 590 Mar-magen
1820 539 1906 552 --
1946 501 2315 568 Miihlheim
2338 537 2427 552 --
2465 503 2755 569 Netters-

356 615 536 681 heim
595 649 668 660 -—
735 606 1184 676 Reiferscheid
1245 643 1326 655 --
1392 603 1719 671 Rescheid
1770 637 1859 652 --
1912 601 2259 688 Rigsdorff
2302 638 2391 651 --
2446 602 2626 668 Rohr
2682 640 2755 652 -

362 711 820 782 Schmittheim
855 745 942 758 ·--·
981 705 1377 790 Schonberg
1413 740 1503 754 —--
1540 702 1868 770 Steinfeld
1924 737 2013 752 ·-
2071 703 2398 769 Tondorff
2434 741 2510 752 —-
2553 702 2759 770 Udel-

359 815 578 880 hoven
617 846 697 860 --
745 817 811 876 et
844 807 1294 890 Wildenburg
1322 839 1410 854 ·-—
1453 827 1597 870 cum
1642 803 1773 868 suis
1803 803 2075 868 adnexis
2116 803 2448 868 Ecclesiis.
2489 803 2569 871 In
2605 804 2761 870 dex-

361 923 502 980 tera
565 918 782 976 autem
823 907 1038 974 Rheni
1095 905 1275 993 ripa,
1336 902 1829 988 Provinciisque
1895 901 2304 984 Coloniensi,
2370 903 2763 970 Dusseldor—

361 1012 631 1102 phiana,
693 1018 760 1074 et
821 1005 1286 1074 Confluentina
1327 1003 1671 1071 Paroecias
1732 1004 2198 1092 complectetur
2253 1003 2627 1088 Regionum
2687 1041 2761 1052 —

363 1109 702 1180 suiliensis
747 1144 836 1156 ·——
879 1104 1525 1192 Dusseldorphianae
1566 1139 1653 1152 -—-
1690 1102 1991 1168 Essensis
2034 1110 2101 1168 et
2144 1101 2657 1188 Siegburgensis
2687 1142 2768 1151 —

363 1235 510 1278 cum
543 1233 763 1276 earum
807 1204 1300 1287 succursalibuS,
1346 1212 1412 1268 et
1449 1203 1743 1287 adnexiS,
1791 1203 2071 1291 demptis
2112 1212 2330 1268 tamen
2354 1203 2665 1268 Paroecia
2690 1241 2766 1252 -

368 1309 868 1394 Romershagen
925 1341 1014 1356 —-
1082 1303 1604 1370 Paderbornensi
1648 1303 1955 1368 Dioecesi
2019 1312 2093 1371 ut
2146 1303 2315 1367 infra
2370 1303 2770 1392 applicanda,

361 1431 486 1477 nec
523 1431 656 1474 non
687 1407 1014 1474 Paroeciis
1050 1439 1138 1454 ·-—
1181 1404 1629 1490 Hachenburg
1674 1441 1753 1470 ψ-
1798 1412 1867 1466 et
1892 1402 2318 1468 Marienstadt
2339 1441 2416 1450 —
2444 1426 2771 1492 nuncupa-

361 1510 463 1592 tis,
510 1530 674 1594 quae
715 1507 784 1574 in
826 1507 1085 1572 Ducatu
1131 1505 1495 1572 Nassaviae
1537 1503 1971 1592 reperiuntur.

533 1606 912 1694 (XXVHI.)
991 1605 1334 1672 Dioecesis
1375 1603 1783 1692 Episcopalis
1822 1602 2251 1685 Trevirensis,
2297 1605 2377 1668 ab
2428 1604 2607 1670 omni
2637 1602 2774 1668 Me-

365 1708 734 1798 tropolitico
776 1707 918 1773 iure
954 1704 1450 1793 Archiepiscopi
1491 1702 1951 1768 Mechlincnsis
1994 1706 2377 1786 subtractae,
2420 1727 2495 1768 ac
2528 1703 2775 1768 Metro-

364 1809 686 1897 politanae
753 1806 1162 1874 Coloniensis
1220 1805 1671 1890 suffraganeae
1732 1803 2107 1890 adsignatae
2129 1853 2150 1888 ,
2219 1804 2535 1870 constabit
2608 1803 2777 1868 infra

365 1908 580 1994 Regni
623 1907 953 1973 Borussici
997 1906 1162 1972 fines
1207 1927 1294 1971 ex
1332 1903 1662 1969 Paroeciis
1709 1901 2111 1970 Sexcentum
2137 1903 2437 1989 Triginta
2480 1913 2777 1988 quatuor,

369 2008 614 2073 scilicet
657 2007 726 2072 in
767 2006 1026 2071 sinistra
1064 2005 1278 2072 Rheni
1319 2006 1480 2093 ripa,
1526 2025 1614 2068 ex
1652 2003 1732 2068 iis
1784 2003 2079 2086 omnibus
2105 2051 2126 2085 ,
2166 2025 2331 2088 quae
2377 2012 2527 2068 actu
2562 2002 2653 2068 ad
2700 2003 2775 2067 il—

368 2110 498 2174 lam
539 2106 916 2172 Dioecesim
954 2106 1286 2194 pertinent
1313 2154 1332 2189 ,
1409 2115 1474 2170 et
1540 2104 1873 2194 provincia
1915 2103 2290 2168 Trevirensi
2348 2104 2778 2170 continentur.

369 2207 538 2274 Tum
578 2228 738 2271 vero
773 2227 861 2271 ex
891 2227 969 2272 ea
1003 2229 1390 2294 suppressae
1419 2228 1591 2270 nunc
1611 2202 1951 2271 Dioccesis
1982 2204 2539 2290 Aquisgranensis
2569 2214 2780 2292 parte,

375 2329 539 2394 quae
595 2307 664 2372 in
727 2305 1184 2374 Confluentina
1238 2306 1585 2372 Provincia
1652 2304 2063 2370 continentur
2084 2353 2105 2386 ,
2164 2303 2477 2369 videlicet
2520 2304 2779 2370 civitate

373 2409 514 2496 ipsa
555 2405 1024 2490 Confluentiae,
1069 2414 1134 2470 et
1175 2405 1487 2472 Ecclesiis
1534 2404 1995 2471 Cantonalibus
2015 2463 2021 2472 .
2040 2404 2420 2491 nuncupatis
2466 2443 2551 2451 —
2588 2403 2774 2470 Ade-

373 2530 499 2573 nau
547 2545 622 2556 -
668 2507 1042 2573 Ahrweiler
1093 2547 1163 2554 -
1219 2505 1618 2572 Andernach
1659 2543 1745 2552 --
1787 2504 2102 2593 Boppard
2144 2542 2221 2552 —
2271 2502 2653 2570 Castellaun
2695 2541 2779 2552 ——

374 2605 663 2673 Cochem
703 2644 776 2652 -
833 2604 1240 2672 Creutznach
1281 2642 1367 2656 —-·
1429 2604 1883 2692 Kaysersesch
1925 2640 2013 2652 —
2055 2603 2434 2690 Kirchberg
2490 2643 2549 2652 -
2606 2605 2779 2670 Kirn

374 2745 446 2754 --
499 2707 851 2772 Liitzerath
890 2744 973 2754 -
1029 2707 1274 2791 Mayen
1309 2741 1398 2752 --
1435 2704 2024 2790 Miinstermayfeld
2065 2742 2151 2752 --
2189 2704 2657 2770 Niederzissen
2706 2739 2769 2749 --

376 2805 762 2873 Oberwesel
805 2843 889 2854 ——
948 2806 1156 2872 Polch
1195 2844 1280 2852 —
1339 2804 1715 2870 Pfinderich
1770 2842 1857 2852 ——
1918 2805 2260 2891 Remagen
2298 2843 2383 2852 --
2422 2803 2779 2870 Riibenach

371 2943 458 2956 --
499 2905 930 2972 Simmern—
973 2903 1412 2973 Sobernheim
1456 2943 1539 2952 -—-
1574 2903 1673 2972 St.
1700 2904 1881 2972 Goar
1903 2943 1985 2952 —-
2022 2903 2413 2991 Stromberg
2442 2942 2523 2966 -.-
2555 2905 2775 2973 Treiss

375 3045 453 3053 ——
501 3006 746 3076 Uhnen
789 3042 866 3053 —
910 3005 1320 3071 Wanderath
1359 3044 1446 3052 ——
1488 3014 1555 3072 et
1603 3005 1751 3074 Zell
1788 3044 1876 3056 --
1922 3029 2067 3072 cum
2112 3007 2243 3072 suis
2288 3007 2777 3088 succursalibus,

390 3116 455 3170 et
495 3106 787 3171 adnexis
870 3106 1076 3171 Porro
1123 3115 1340 3170 autem
1403 3128 1489 3171 ex
1550 3114 1808 3172 centum
1852 3106 2115 3192 triginta
2159 3106 2405 3172 duabus
2454 3106 2781 3172 Paroeciis

383 3214 518 3270 tum
563 3203 1022 3271 Cantonalibus
1040 3255 1060 3288 ,
1103 3216 1236 3270 tum
1281 3207 1755 3275 succursalibus
1771 3254 1792 3289 ,
1834 3229 1979 3270 cum
2024 3207 2153 3272 suis
2199 3207 2473 3272 adnexis
2517 3228 2681 3291 quae
2716 3205 2782 3270 in

381 3304 971 3392 circumscriptione
1028 3305 1208 3371 Anni
1249 3305 1580 3370 millesimi
1642 3305 2163 3391 octingentesimi
2221 3307 2413 3395 primi
2474 3305 2781 3372 Dioecesi

381 3403 661 3470 Metensi
703 3405 958 3469 fuerant
995 3406 1356 3487 attributae,
1399 3427 1474 3470 ac
1506 3405 1743 3471 deinde
1775 3407 2205 3494 temporariae
2246 3406 2783 3473 administrationi

384 3504 628 3569 Vicarii
677 3502 1062 3592 Capitularis
1089 3505 1498 3572 Trevirensis
1528 3509 1609 3572 ab
1652 3506 2007 3594 apostolica
2053 3507 2213 3572 sede
2260 3509 2658 3572 commissae.
2701 3507 2777 3570 In

389 3605 622 3670 dextra
657 3626 815 3669 vero
861 3603 1074 3671 Rheni
1119 3605 1262 3694 ripa
1312 3628 1398 3670 ex
1441 3606 1682 3671 cunctis
1722 3606 2035 3672 Ecclesiis
2078 3606 2339 3672 ditionis
2382 3605 2784 3685 Borussicae,

385 3727 548 3790 quae
589 3704 847 3792 pridem
887 3704 971 3770 ad
1011 3705 1218 3794 ipsam
1244 3706 1703 3774 'trevirensem
1738 3706 2111 3772 Dioecesim
2156 3707 2549 3794 spectabant,
2594 3726 2783 3791 quae-

385 3827 510 3890 que
554 3827 675 3892 per
725 3805 1208 3872 Gallicanarum
1251 3806 1670 3874 Dioecesium
1728 3807 2392 3895 circumscriptionem
2432 3829 2601 3871 anno
2644 3806 2783 3871 mil-

383 3904 615 3970 lesimo
661 3904 1194 3991 octingentesimo
1238 3906 1450 3994 primo
1495 3931 1532 3971 a
1567 3907 1775 3975 Nobis
1813 3907 2045 3972 factam
2086 3909 2165 3972 ab
2207 3907 2323 3971 illa
2361 3908 2617 3972 fuerant
2658 3906 2781 3970 dis-

384 4006 778 4070 membratae
799 4054 819 4087 ,
860 4026 936 4070 ac
978 4005 1048 4070 in
1088 4028 1400 4094 praesens
1442 4031 1480 4072 a
1519 4007 1781 4074 Vieario
1826 4006 2212 4096 Apostolico
2256 4007 2327 4072 in
2372 4006 2613 4096 oppido
2652 4006 2779 4071 Eh-

388 4103 850 4169 renbreitstein
883 4104 1215 4172 residente
1245 4105 1330 4172 ad
1371 4106 1687 4172 Nostrum
1728 4107 2207 4197 beneplacitum
2239 4107 2781 4172 administrantur.

389 4202 682 4267 Tandem
722 4226 879 4268 vero
925 4213 1110 4270 extra
1142 4205 1551 4294 praedictum
1597 4207 2057 4274 Paroeciarum
2100 4217 2481 4274 sexcentum
2522 4206 2787 4294 triginta

385 4311 660 4385 quatuor
703 4325 1044 4370 numerum
1084 4305 1430 4392 Regnique
1471 4306 1803 4373 Borussici
1852 4308 2051 4392 fines,
2116 4307 2361 4372 cunctis
2406 4308 2535 4372 illis
2556 4355 2576 4390 ,
2624 4325 2783 4392 quae

381 4399 452 4464 in
505 4400 877 4466 Tel-ritoriis
937 4404 1313 4494 Principum
1371 4405 1813 4493 Coburgensis
1832 4457 1853 4492 ,
1924 4402 2448 4493 Homburgen‘sis
2464 4455 2485 4489 ,
2547 4415 2615 4471 et
2670 4405 2783 4474 Ol-

2444 4906 2451 4908 .
2472 4894 2959 4909 -‘L.—-———-·—-—
