2959 4984
430 321 537 376 244
693 321 988 375 xxxvm.
1061 319 1310 374 BULLA
1349 318 1489 370 PRO
1527 317 1775 370 REGNO
1812 316 2217 372 BORUSSIGO
2256 319 2319 370 Δ.
2356 315 2513 370 1821.

437 497 536 554 tes
578 487 748 552 inter
789 484 1190 551 Honoratios
1235 481 1597 549 Canonicos
1654 480 2209 546 Wrafislaviensis
2254 479 2661 548 Cathedralis
2712 482 2826 550 Ca-

439 587 630 677 pituli
665 608 807 652 esse
856 585 1292 674 cooptandos3
1338 583 1428 647 ita
1471 591 1547 647 ut
1586 581 1725 671 pari
1770 605 1915 646 cum
1958 581 2039 648 iis
2080 583 2375 648 fruantur
2416 583 2577 666 iure,
2616 584 2830 648 locum

433 688 641 772 illum,
683 696 876 772 atque
923 684 1246 752 Ordinem
1287 692 1587 748 tenentes
1609 731 1628 766 ,
1694 683 1804 768 qui
1860 682 2217 748 secundum
2255 682 2656 770 respectivae
2698 685 2827 750 No-

437 787 803 854 minationis
847 796 1100 874 tempus
1146 784 1304 872 ipsis
1349 791 1721 871 competere
1767 783 2205 869 dignoscatur.
2284 784 2579 866 Quilibet
2618 793 2828 850 autem

436 909 525 954 ex
573 885 916 957 Canonicis
959 883 1342 952 Honorariis
1383 883 1454 948 in
1499 883 2011 968 unumquodque
2059 904 2146 946 ex
2184 883 2527 948 antedictis
2573 883 2827 972 Capitu-

431 989 513 1054 lis
558 987 958 1076 cooptandus
1023 985 1374 1051 sumendus
1439 983 1563 1048 erit
1622 1005 1708 1048 ex
1765 1005 2036 1048 numero
2085 982 2825 1070 Archipresbyterorum

431 1089 817 1157 Animarum
840 1111 1058 1152 curam
1098 1085 1167 1151 in
1195 1084 1559 1172 respectiva
1580 1082 1887 1149 Dioecesi
1914 1082 2326 1149 laudabiliter
2368 1083 2826 1149 exercentium.

599 1188 808 1274 (XX.)
901 1185 1098 1270 Quod
1145 1207 1303 1250 vero
1345 1184 1576 1249 attinet
1634 1183 1717 1248 ad
1774 1205 2011 1248 novam
2056 1181 2593 1271 Supradictorum
2642 1185 2827 1274 Capi-

429 1289 714 1354 tulorum
756 1309 875 1376 pro
921 1287 1044 1351 hac
1088 1285 1297 1374 prima
1339 1284 1482 1349 vice
1522 1305 1599 1348 ea
1642 1305 1769 1368 qua
1826 1283 2127 1349 convenit
2182 1284 2511 1349 celeritate
2560 1286 2826 1373 explen-

430 1390 578 1455 dam
623 1386 1175 1476 compositionem,
1216 1385 1384 1450 infra
1421 1384 1817 1450 nominando
1860 1383 2090 1450 harum
2134 1384 2525 1450 Litterarum
2559 1385 2824 1451 Nostra-

428 1514 574 1556 rum
617 1486 1022 1572 Exequutori
1080 1494 1467 1574 potestatem
1509 1484 1812 1568 facimus,
1872 1493 1947 1550 ut
1999 1483 2067 1550 in
2112 1505 2495 1570 unaquaque
2537 1485 2827 1551 Ecclesia

426 1599 556 1656 tam
595 1589 987 1677 DignitateS,
1031 1596 1098 1653 et
1135 1586 1563 1653 Canonicatus
1588 1634 1607 1669 ,
1654 1608 1846 1671 quam
1887 1586 2177 1652 Vicarias
2191 1634 2212 1669 ,
2258 1609 2372 1652 seu
2415 1587 2825 1653 Praebenda-

426 1699 528 1756 tus
571 1699 715 1756 actu
760 1697 1080 1772 vacantes,
1127 1709 1292 1772 quae
1333 1687 1415 1752 ad
1459 1687 1867 1772 sequendum
1906 1709 2252 1752 numerum
2294 1695 2367 1752 ut
2406 1710 2601 1775 supra
2656 1686 2818 1751 desi-

424 1801 693 1879 gnatum
737 1792 1010 1856 fortasse
1049 1787 1394 1872 deficient,
1446 1787 1665 1874 dignis
1732 1795 1797 1852 et
1834 1787 2087 1856 idoneis
2130 1787 2599 1853 Ecclesiasticis
2648 1788 2822 1854 Viris

425 1915 510 1958 ex
559 1891 857 1976 delegata
902 1888 1020 1954 sibi
1064 1887 1326 1976 speciali
1373 1887 1754 1975 Apostolica
1798 1889 2101 1952 facultate
2119 1936 2140 1971 ‚
2204 1913 2279 1956 ac
2320 1889 2514 1958 huius
2568 1899 2825 1956 sanctae

423 1991 600 2076 sedis
637 1991 898 2056 nomine
941 1989 1262 2072 conferat3
1305 1988 1393 2054 ita
1435 1997 1651 2054 tamen
1692 1998 1767 2053 ut
1804 1988 1851 2053 ii
1894 1989 2262 2073 dumtaxat,
2309 1991 2418 2076 qui
2458 1991 2543 2055 de
2584 1991 2822 2078 Digni-

422 2091 676 2174 tatibus,
723 2099 787 2154 et
819 2087 1310 2155 Canonicatibus
1357 2089 1435 2153 ab
1469 2087 1615 2175 ipso
1659 2087 1905 2176 provisi
1948 2087 2208 2171 fuerint,
2245 2088 2666 2178 Apostolicas
2708 2113 2817 2156 no-

418 2213 538 2258 vae
581 2189 1010 2273 Provisionis‚
1058 2198 1123 2254 et
1167 2187 1691 2254 Confirmationis
1735 2187 2015 2254 Litteras
2060 2188 2226 2254 infra
2264 2210 2386 2256 sex
2427 2212 2691 2256 menses
2732 2213 2817 2256 ex

429 2301 581 2358 tunc
618 2290 952 2380 proximos
1015 2314 1052 2354 a
1092 2287 1359 2354 Dataria
1398 2287 1641 2354 Nostra
1682 2288 2033 2376 impetrare
2053 2337 2075 2372 ,
2146 2299 2211 2354 et
2252 2290 2566 2378 expedire
2608 2292 2823 2357 facere

423 2401 782 2458 teneantur.
823 2389 912 2455 Et
940 2389 992 2454 si
1020 2389 1369 2476 contingat,
1421 2388 1596 2473 quod
1638 2388 1708 2453 in
1744 2389 1959 2474 aliqua
2002 2410 2087 2455 ex
2132 2389 2671 2479 Meti-cpolitanis,
2720 2391 2823 2456 vel

424 2491 919 2560 cathedralibus
979 2490 1048 2555 in
1085 2487 1432 2568 Borussiae
1479 2488 1714 2574 Regno
1762 2488 2189 2555 existentibus
2232 2489 2542 2556 Ecclesiis
2586 2491 2821 2578 Digni-

421 2601 605 2676 tateS,
649 2589 980 2672 Canonici,
1027 2598 1094 2654 et
1116 2588 1380 2670 Vicarii,
1427 2609 1546 2652 seu
1575 2587 2011 2653 Praebendati
2057 2587 2372 2674 legitime,
2416 2599 2483 2654 et
2518 2592 2823 2657 canonice

418 2691 690 2758 instituti
733 2691 945 2755 adhuc
985 2689 1282 2756 viventes
1326 2687 1766 2776 respectivum
1809 2711 2149 2755 numerum
2192 2714 2233 2755 a
2263 2690 2471 2757 Nobis
2514 2700 2587 2756 ut
2627 2716 2820 2781 supra

423 2791 841 2878 praefinitum
883 2788 1237 2871 excedant,
1285 2787 1655 2876 praedictus
1697 2787 2083 2873 Exequutor
2126 2789 2549 2878 Apostolicus
2567 2839 2587 2874 ,
2634 2814 2819 2858 voca·

421 2889 504 2956 tis
549 2889 912 2974 auditisque
968 2888 1287 2954 interesse
1327 2889 1717 2954 habentibus
1779 2898 1889 2954 aut
1951 2911 2074 2977 per
2137 2891 2531 2956 voluntarias
2584 2891 2817 2958 iurium

329 3018 336 3024 ·
419 2988 857 3056 abdicationes
899 2990 978 3055 ab
1025 2989 1157 3054 illis
1176 3037 1196 3071 ‚
1259 2988 1370 3053 vel
1417 2991 1499 3054 ab
1554 2989 1819 3054 illorum
1874 2988 2193 3074 aliquibus
2254 2991 2641 3058 emittendas
2680 3015 2817 3058 rem

419 3099 780 3177 componat,
818 3088 1080 3177 proviso
1123 3087 1386 3152 insimul
1426 3110 1549 3176 per
1590 3111 1909 3174 congruas
1945 3088 2245 3156 vitalitias
2268 3089 2646 3174 Pensiones‚
2686 3091 2810 3156 iam

415 3213 458 3254 a
505 3186 940 3255 Serenissimo
985 3188 1174 3274 Rege
1214 3187 1535 3276 pollicitas
1552 3235 1573 3270 ,
1636 3187 2115 3255 Dimittentium
2162 3189 2611 3256 sustentationi
2633 3239 2655 3275 ,
2708 3197 2815 3255 aut

419 3288 474 3354 si
515 3288 954 3355 abdicationes
1011 3287 1380 3354 huiusmodi
1437 3287 1702 3353 minime
1761 3289 2151 3373 habeantur,
2214 3289 2325 3354 vel
2382 3290 2809 3356 sufficientem

431 3411 773 3464 numerum
815 3409 948 3453 non
989 3387 1308 3474 attingant
1347 3387 1416 3455 in
1447 3389 1575 3453 hoc
1616 3410 1787 3472 casu,
1830 3389 1939 3473 qui
1968 3409 2309 3454 numerum
2350 3390 2420 3455 in
2447 3390 2813 3478 supradicta

416 3487 676 3556 Nostris
719 3487 1140 3577 dispositione
1183 3488 1599 3575 praefinitum
1643 3488 2041 3555 excedentes
2084 3489 2537 3576 Dignitatum,
2605 3489 2808 3556 Cano-

415 3588 780 3672 meatuum,
849 3597 916 3652 et
955 3586 1398 3653 Vicariatuum
1459 3590 1938 3676 possessionem
1994 3599 2323 3677 postremo
2383 3591 2527 3654 loco
2590 3588 2809 3677 adepti

406 3688 667 3771 fuerint,
711 3689 764 3754 si
807 3687 980 3777 apud
1001 3687 1329 3754 Ecclesias
1379 3712 1525 3755 suas
1565 3690 1913 3774 resideant,
1963 3689 2363 3778 Capitulares
2410 3690 2694 3776 quidem,
2740 3698 2805 3753 et

413 3788 663 3856 Vicarii
699 3788 1066 3878 respective
1110 3809 1252 3854 esse
1297 3799 1621 3878 pergent,
1693 3790 1977 3874 iuribus,
2023 3799 2089 3855 et
2128 3790 2595 3878 praerogativis
2636 3811 2803 3854 nunc

411 3888 490 3954 iis
521 3890 1040 3978 competentibus
1061 3890 1378 3975 fruentur,
1421 3913 1703 3977 suosque
1727 3892 2021 3957 redditus
2060 3891 2131 3956 in
2168 3913 2248 3957 ea
2279 3892 2629 3977 quantitate
2658 3911 2799 3978 per-

411 3987 671 4076 cipient,
720 4011 846 4074 qua
887 3989 956 4055 in
999 4012 1306 4078 praesens
1356 3992 1668 4078 gaudent.
1759 3991 1901 4058 Sed
1944 3991 2201 4078 quando
2254 3991 2565 4058 beneficia
2608 3993 2687 4056 ab
2724 3989 2803 4054 iis

413 4089 676 4156 obtenta
719 4109 1126 4176 quocumque
1165 4091 1362 4158 modo
1405 4090 1775 4159 vacaverint
1816 4092 1957 4158 aliis
2002 4092 2283 4160 conferri
2324 4093 2587 4157 minime
2628 4099 2801 4179 pote-

407 4199 576 4274 runt,
619 4199 813 4278 atque
854 4215 941 4258 ex
979 4215 1152 4258 nunc
1192 4215 1314 4281 pro
1357 4202 1513 4260 tunc
1554 4216 1921 4284 suppressa,
1964 4204 2030 4260 et
2073 4194 2357 4261 extincta
2398 4193 2677 4258 debeant
2708 4189 2798 4254 in-

404 4290 614 4376 telligi
636 4341 657 4373 ,
723 4293 806 4358 ad
849 4293 975 4358 hoc
1015 4303 1092 4358 ut
1131 4293 1440 4383 deinceps
1500 4295 1832 4384 praefixus
1897 4305 1970 4360 ut
2013 4318 2209 4383 supra
2250 4315 2555 4360 numerus
2596 4293 2665 4358 in
2700 4311 2799 4356 re-

407 4389 710 4476 spectivis
761 4391 1074 4480 Capitulis
1135 4394 1221 4460 ad
1263 4395 1573 4462 amussim
1634 4397 2035 4462 observetur.
2124 4395 2317 4480 Quod
2384 4393 2439 4458 si
2478 4392 2549 4458 in
2586 4391 2795 4477 aliquo

411 4486 709 4575 Capitulo
763 4489 1071 4558 Canonici
1111 4495 1468 4563 minoribus
1524 4497 1595 4564 in
1638 4496 2149 4586 praesentiarum
2188 4495 2482 4562 fruantur
2528 4490 2789 4558 redditi-
