2959 4984
441 309 476 361 2
529 265 535 271 ’
1015 307 1083 361 11.
1155 306 1527 362 mrrnaAE
1566 306 2249 364 COMMENDATITIAE.

888 473 978 539 H.
1064 474 1448 539 Litterae
1515 474 2369 563 commendatitiae*).

531 658 538 665 -
620 620 861 688 Sancto
927 629 993 685 et
1035 620 1182 686 Deo
1225 620 1482 685 amabili
1524 618 1875 705 Mag-noni,
1943 620 2117 685 dono
2155 620 2289 685 Dei
2328 619 2853 711 Archiepiscopo

442 744 528 785 ex
571 720 893 787 Senonica
951 722 1134 786 urbe.
1217 720 1364 807 Ego
1425 720 1596 785 enim
1641 720 1711 785 in
1752 720 1881 784 Dei
1922 720 2181 785 nomine
2224 720 2546 788 Ebroinus
2568 772 2590 807 ,
2663 723 2846 789 dono

442 822 576 888 Dei
624 821 1176 910 Archiepiscopus
1221 842 1307 885 ex
1351 820 1649 906 Bitorige
1695 822 1892 903 urbe,
1959 820 2025 884 in
2070 820 2353 887 Domino
2398 824 2553 888 Iesu
2600 824 2849 889 salutes

445 931 737 1009 optamus
793 921 977 987 vobis
1018 920 1086 987 in
1130 929 1539 1008 perpetuum.
1632 920 1738 985 De
1782 928 2039 985 caetero
2080 930 2303 985 notum
2345 923 2611 989 facimus
2651 948 2839 989 sanc-

440 1023 602 1087 titati
659 1031 915 1087 vestrae
959 1021 1106 1106 quia
1142 1021 1264 1093 iste
1307 1042 1618 1109 praesens
1658 1020 2049 1106 Presbyter,
2108 1044 2346 1087 nomen
2386 1024 2838 1108 DodobertuS,

443 1123 867 1211 parochianus
923 1131 1180 1205 noster,
1247 1122 1315 1187 in
1367 1128 1586 1186 nostra
1644 1118 1901 1185 diocese
1956 1130 2176 1203 natus,
2241 1131 2308 1186 et
2365 1124 2560 1189 sacris
2599 1125 2843 1190 litteris

442 1223 746 1286 edocatus
789 1222 892 1306 sit,
935 1222 1020 1286 ad
1063 1222 1359 1287 ordinem
1403 1242 1653 1284 sacrum
1700 1240 1849 1283 eum
1892 1242 2279 1307 promovere
2318 1222 2639 1289 iussimus,
2708 1226 2841 1291 Po-

441 1332 579 1386 stea
617 1344 772 1387 vero
815 1322 1046 1410 petivit
1084 1320 1267 1386 nobis
1309 1320 1635 1385 licentiam
1676 1328 1749 1384 ut
1787 1320 1855 1385 in
1896 1329 2111 1385 vestra
2154 1324 2459 1410 parochia
2502 1325 2673 1414 apud
2718 1327 2842 1391 ho-

439 1424 679 1487 minem
731 1422 1013 1507 aliquem
1077 1442 1314 1485 nomen
1359 1419 1907 1485 Ilercambaldum
1962 1443 2224 1486 manere
2289 1426 2617 1491 voluisset.
2700 1426 2850 1493 Nos

441 1546 599 1589 vero
653 1522 1034 1611 petitionem
1078 1521 1254 1586 illius
1302 1544 1434 1585 non
1479 1519 1987 1606 denegavimuS,
2052 1523 2175 1587 nisi
2220 1523 2545 1588 licentiam
2585 1524 2681 1589 illi
2728 1526 2848 1590 de-

442 1624 652 1687 dimus
664 1672 685 1705 ,
741 1622 890 1708 quia
945 1622 1183 1687 scimus
1244 1619 1421 1706 quod
1479 1620 1563 1685 de
1616 1622 1783 1685 bene
1827 1621 2048 1686 liberis
2092 1622 2460 1689 hominibus
2508 1633 2683 1689 ortus
2729 1626 2840 1692 sit.
2958 1631 2959 1638 ’

443 1722 638 1789 Unde
689 1723 806 1787 has
863 1723 1110 1787 litteras
1169 1720 1725 1787 commendatitias
1784 1743 1965 1787 more
2006 1720 2465 1789 Ecclesiastico
2514 1724 2708 1789 factas
2760 1727 2851 1790 ad

445 1823 844 1888 sanctitatem
885 1832 1164 1886 vestram
1209 1822 1533 1903 misimus,
1598 1829 1671 1886 ut
1716 1822 1882 1887 scire
1925 1822 2139 1886 valeat
2177 1823 2325 1889 Deo
2372 1824 2571 1910 digna
2612 1825 2852 1890 caritas

448 1932 666 1988 vestra
713 1945 863 1988 eum
903 1942 1028 1987 nec
1076 1922 1234 2007 fuga
1273 1920 1561 2008 lapsum,
1618 1942 1740 1985 nec
1788 1943 1903 1985 sua
1948 1920 2191 1986 malitia
2234 1946 2273 1986 a
2311 1923 2498 1988 nobis
2544 1924 2851 2007 eiectum,

437 2024 556 2089 sed
597 2032 816 2089 nostra
861 2022 1190 2086 voluntate
1234 2020 1639 2085 destinatum.
1709 2018 1797 2085 Et
1837 2028 1909 2084 ut
1950 2020 2188 2085 certius
2232 2020 2529 2105 credatis,
2576 2022 2851 2089 Graeca

441 2123 762 2188 elementa
829 2144 994 2209 quae
1067 2120 1553 2207 octogenarium
1622 2118 2333 2205 quadringentesimum
2419 2119 2487 2185 et
2556 2122 2850 2209 primum

443 2246 784 2289 numerum
845 2222 1217 2312 exprimunt
1281 2216 1647 2308 inprimitus
1706 2218 2154 2286 adnexuimus,
2240 2220 2311 2286 Π
2351 2220 2529 2286 Petri
2578 2242 2847 2308 quoque

439 2324 698 2389 nomine
759 2324 1033 2413 primam
1083 2322 1363 2387 litteram
1410 2327 1732 2407 sumptam
1784 2319 1854 2383 in
1908 2319 2192 2385 medium
2236 2318 2603 2386 adscribere
2642 2344 2843 2408 roga-

438 2426 668 2489 vimus.
759 2423 1199 2489 Nihilominus
1275 2421 1467 2487 etiam
1534 2418 1863 2508 parvitatis
1921 2430 2178 2487 nostrae
2243 2419 2501 2487 nomine
2558 2422 2845 2510 primam
2958 2431 2959 2444 ¹

439 2526 692 2590 literam
736 2548 789 2589 ε.
829 2522 1294 2610 magnitudinis
1348 2530 1605 2585 vestrae
1662 2520 2011 2585 secundam
2052 2522 2333 2587 litteram
2380 2547 2438 2586 A.
2480 2522 2665 2586 istius
2708 2523 2842 2587 fra-

439 2627 554 2689 tris
615 2623 876 2688 nomine
937 2622 1194 2687 tertiam
1245 2622 1527 2685 litteram
1568 2624 1647 2683 A.
1692 2618 1963 2684 civitatis
2002 2631 2260 2686 nostrae
2303 2629 2593 2707 quartam
2636 2622 2715 2685 B.
2766 2632 2839 2687 et

435 2724 853 2789 indictionem
914 2731 1204 2807 quartam
1245 2720 1673 2785 adiunximus.
1776 2717 2175 2784 Addidimus
2216 2722 2723 2807 nonagenarium
2772 2733 2845 2787 et

439 2846 682 2889 nonum
723 2844 1086 2904 numerum,
1130 2821 1199 2885 id
1243 2830 1342 2884 est
1383 2822 1446 2882 Φ
1490 2828 1555 2882 et
1600 2816 1661 2879 Θ
1704 2826 1771 2882 et
1814 2818 2230 2903 insequenter
2270 2820 2698 2908 impressione
2745 2824 2837 2887 si-

434 2922 579 3009 gilli
621 2922 823 2987 nostri
869 2922 1090 2986 subter
1125 2919 1645 2986 confirmavimus
1662 2968 1681 3000 ,
1736 2926 1803 2983 et
1850 2942 2041 2984 manu
2083 2920 2349 3007 propria
2386 2942 2526 2986 eam
2561 2926 2679 2987 rob
2690 2946 2839 2988 ora-

438 3023 647 3086 vimus
697 3031 764 3085 et
799 3021 1071 3087 Clericis
1113 3021 1413 3085 iussimus
1463 3018 1702 3084 nostris
1744 3020 2055 3086 roborari.
2119 3020 2357 3085 Actum
2392 3021 2459 3085 in
2502 3045 2667 3086 anno
2714 3023 2835 3088 de-

436 3124 601 3187 cimo
661 3121 916 3209 imperii
963 3120 1228 3185 Domini
1286 3120 1492 3186 nostri
1545 3118 1637 3183 ill.
1698 3127 1766 3183 et
1816 3142 1984 3185 anno
2023 3120 2270 3187 XLIII.
2331 3122 2521 3205 regni
2581 3122 2718 3187 eius
2769 3126 2839 3191 in

2957 3000 2958 3055 l

441 3223 570 3288 Dei
609 3222 872 3287 nomine
917 3221 1214 3286 feliciter.
1300 3220 1539 3286 Amen.

792 3437 915 3502 ΙΙΙ.
1000 3434 1402 3501 Marculfi
1457 3434 1879 3501 formulae
1936 3435 2463 3523 selectae**).
2956 3344 2958 3492 Ι

1445 3619 1503 3685 Ε
1548 3620 1715 3686 libro
1754 3619 1818 3685 Ι.

1131 3736 1564 3825 Praeceptum
1610 3740 1689 3804 de
1730 3742 2126 3827 episcopatu.

609 3892 693 3958 V.
777 3888 902 3955 Ille
944 3891 1091 3957 Rex
1149 3892 1296 3969 viro
1347 3892 1699 3980 apostolico
1757 3894 1871 3958 illo
1916 3892 2261 3981 Episcopo,
2350 3892 2661 3976 Quamvis
2706 3916 2833 3957 nos

435 3991 1012 4059 administrandum
1054 3992 1678 4078 gubernandumque
1718 4014 1939 4059 rerum
1978 4002 2211 4059 statum
2250 3993 2599 4081 praecelsis
2640 4015 2831 4057 occu-

640 4228 695 4296 *)
731 4226 821 4281 Ex
858 4226 1187 4299 Appendice
1222 4228 1473 4282 Marculfl
1513 4245 1657 4283 anno
1695 4228 1814 4284 810.
1852 4228 2092 4299 Propter
2122 4228 2318 4283 harum
2352 4230 2671 4285 litterarum
2706 4250 2837 4287 cum
2955 4298 2956 4301 Ἴ

439 4314 692 4369 formatis
727 4332 874 4369 nexu
911 4332 1002 4371 ean
1039 4320 1202 4369 extra
1237 4316 1486 4370 ordinem
1522 4316 1973 4386 chronologicum
2010 4316 2254 4372 adiunxi.
2955 4386 2956 4389 Ἴ

603 4402 688 4471 W)
729 4403 890 4457 Circa
921 4420 1126 4458 annum
1179 4405 1297 4482 660·
1323 4404 1669 4473 compositae
1704 4407 1851 4458 sunt.
1922 4405 2065 4460 Vide
2098 4404 2392 4460 Lehrbucb
2430 4404 2531 4459 des
2568 4404 2842 4461 Kirchen-
2955 4418 2956 4477 J

437 4489 627 4545 rechts
667 4495 716 4555 ἓ.
755 4491 840 4547 94.
881 4494 994 4546 not.
1032 4493 1082 4547 3.
1123 4496 1172 4556 ἓ.
1207 4491 1328 4547 224.
1373 4480 1486 4545 not.
1525 4492 1573 4545 2.
1612 4496 1660 4555 §-
1703 4493 1824 4547 329.
1864 4495 1982 4546 not.
2017 4494 2068 4547 6.
