2959 4984
475 308 546 365 20
760 307 849 365 VI.
915 302 1213 363 REGULA
1247 304 1773 363 CHRODOGANGI
1809 304 2137 362 EPISCOPI
2174 308 2553 363 METENSIS.

635 474 788 540 VII.
870 472 1294 539 Decrevimus
1340 494 1599 558 quoque
1640 482 1715 537 ut
1752 473 2094 560 presbiteri
2140 474 2247 537 vel
2298 474 2547 539 diaconi
2592 496 2721 539 non
2766 498 2847 539 sa—

473 578 596 665 gis,
637 574 946 639 laicorum
991 595 1194 655 more,
1239 574 1356 638 sed
1395 574 1629 638 casulis
1672 582 1950 657 utantur,
1992 574 2121 639 ritu
2165 596 2501 639 servorum
2550 575 2699 640 Dei.
2776 577 2851 641 Et

471 676 687 743 nullus
733 674 801 738 in
843 698 955 739 sua
1000 674 1196 739 domu
1241 674 1581 738 mulierem
1622 674 1911 738 habitare
1952 675 2302 759 permittat.
2402 674 2489 739 Et
2531 684 2605 739 ut
2648 698 2848 741 mona-

470 778 571 841 chi
618 784 682 841 et
723 775 993 839 ancillae
1030 773 1160 838 Dei
1203 774 1688 839 monasteriales
1732 774 1911 840 iuxta
1952 774 2252 860 regulam
2290 776 2490 840 sancti
2522 778 2849 843 Benedicti

472 878 771 943 ordinare
817 885 881 940 et
922 874 1165 957 vivere,
1207 874 1403 939 vitam
1427 874 1777 965 *propriam
1819 877 2191 961 gubernare
2236 874 2554 941 studeant.

555 1063 674 1127 VI.
771 1061 1098 1145 Regula
1144 1058 1763 1144 Chrodogangi
1808 1060 2202 1148 episcopi
2246 1059 2765 1146 Metensis*).

1374 1192 1613 1282 Incipit
1661 1192 1996 1279 Prologus,

533 1324 964 1417 Temporibus
1009 1327 1282 1415 piissimi
1331 1351 1406 1393 ac
1441 1328 1838 1393 serenissimi
1881 1328 2060 1413 regis
2106 1326 2367 1415 Pippini
2390 1376 2411 1409 ,
2478 1325 2769 1394 Chrodo-

551 1452 806 1517 gang-us
849 1452 1076 1495 servus
1117 1450 1454 1493 servorum
1500 1428 1651 1513 Dei,
1691 1428 2005 1495 Metensis
2047 1428 2227 1493 urbis
2278 1427 2619 1517 episcopus
2636 1431 2759 1517 .**)·

641 1544 718 1611 Si
787 1554 1224 1609 trecentorum
1285 1544 1527 1617 decem
1580 1554 1645 1609 et
1710 1553 1853 1609 octo
1916 1545 2445 1631 reliquorumque
2505 1557 2857 1613 sanctorum

473 1654 726 1733 patrum
773 1668 1088 1711 canonum
1131 1646 1470 1711 auctoritas
1515 1646 1935 1733 perduraret,
1998 1655 2065 1711 et
2116 1646 2329 1712 clerus
2384 1656 2577 1731 atque
2627 1649 2856 1735 episco-

471 1768 593 1834 pus
641 1746 998 1810 secundum
1043 1768 1270 1811 eorum
1305 1746 1709 1811 rectitudinis
1758 1770 2051 1813 normam
2084 1746 2417 1830 viverent,
2470 1750 2857 1835 superfluum

475 1845 810 1909 videretur
851 1870 888 1909 a
926 1845 1114 1911 nobis
1171 1846 1430 1931 exiguis
1475 1846 1884 1931 minimisque
1906 1894 1925 1928 ,
1988 1868 2186 1933 super
2247 1847 2368 1911 hac
2407 1868 2479 1912 rc
2524 1856 2659 1913 tam
2702 1848 2854 1913 ordi-

476 1954 624 2009 nate
671 1945 981 2033 disposita
1025 1945 1265 2030 aliquid
1305 1946 1639 2011 retractari
1670 1945 1719 2031 1)
1739 1996 1761 2029 ,
1810 1955 1875 2011 et
1918 1945 2097 2031 quasi
2139 1946 2399 2032 quidem
2434 1948 2587 2013 novi
2632 1948 2858 2033 aliquid

475 2045 638 2109 dici:
681 2045 802 2109 sed
847 2046 1002 2109 dum
1039 2055 1390 2133 pastorum,
1433 2045 1966 2131 subditorumque
2008 2048 2413 2133 negligentia
2456 2057 2523 2113 et
2562 2048 2665 2113 his
2712 2058 2853 2112 tem-

472 2146 739 2233 poribus
777 2146 1050 2209 nimium
1097 2146 1333 2228 crevit,
1401 2145 1559 2229 quid
1621 2146 1796 2211 aliud
1838 2148 2169 2232 agendum
2230 2148 2419 2213 nobis
2460 2156 2589 2232 est,
2659 2148 2767 2235 qui
2804 2149 2861 2211 in

479 2256 612 2310 tam
656 2246 858 2332 ⁴gravi
907 2245 1277 2312 discrimine
1319 2246 1615 2312 venimus
1632 2295 1651 2328 ,
1712 2248 1837 2312 nisi
1896 2257 1969 2312 ut
2030 2256 2339 2332 quantum
2379 2271 2759 2335 possumuS,
2817 2247 2860 2310 si

476 2370 608 2412 non
651 2355 956 2431 quantum
1005 2346 1349 2428 debemus„
1410 2346 1493 2411 ad
1535 2346 1937 2412 rectitudinis
1980 2348 2218 2412 lineam
2240 2395 2261 2430 ,
2307 2348 2455 2415 Deo
2500 2348 2860 2436 inspirante,

473 2447 720 2511 clerum
762 2457 1052 2512 nostrum
1091 2446 1476 2511 reducamus
1500 2446 1533 2511 ‘?

638 2547 852 2632 Igitur
895 2546 1184 2630 quamvis
1225 2546 1536 2631 indignus
1588 2545 1891 2633 adeptam
1952 2546 2143 2614 huius
2202 2546 2377 2613 sedis
2426 2548 2853 2635 pontificalem

467 2646 870 2727 cathedram,
935 2666 1212 2728 cumque
1255 2644 1454 2709 officii
1496 2645 1624 2710 mei
1664 2646 2002 2732 pastoralis
2072 2668 2293 2711 curam
2332 2647 2683 2733 invigilare
2723 2671 2854 2713 coe-

467 2746 744 2834 pissem,
787 2754 852 2808 et
892 2744 960 2808 in
1001 2752 1242 2807 tantam
1283 2743 1754 2829 negligentiam
1798 2746 2054 2811 clerum
2086 2746 2478 2833 plebemque
2526 2747 2855 2813 devenisse
2921 2752 2922 2759 ³

473 2844 916 2932 conspicerem
937 2892 957 2925 ,
1028 2843 1214 2931 coepi
1261 2852 1541 2909 moestus
1588 2846 1897 2930 conqueri
1925 2844 1977 2931 2)
1996 2892 2017 2924 ,
2082 2846 2239 2931 quid
2280 2870 2479 2933 agere
2524 2847 2857 2915 deberem:

464 2944 584 3009 sed
626 2942 842 3007 divino
899 2943 1100 3007 fultus
1155 2943 1433 3025 auxilio,
1504 2945 1901 3029 fratrumque
1944 2945 2374 3033 spiritualium
2428 2949 2855 3015 consolatione

465 3044 720 3110 adiutus
743 3042 818 3127 3),
863 3043 1040 3107 volui
1093 3043 1477 3109 necessitate
1542 3046 1910 3132 compulsus
1968 3070 2241 3133 parvum
2320 3046 2729 3114 decretulum
2776 3049 2854 3111 fa-

471 3166 653 3225 cere,
719 3163 839 3230 per
882 3143 1057 3227 quod
1101 3164 1172 3207 se
1218 3144 1428 3208 clerus
1489 3145 1567 3208 ab
1604 3144 1845 3208 illicitis
1890 3154 2181 3210 coerceat
2200 3194 2221 3228 ,
2284 3147 2515 3212 vitiosa
2559 3146 2855 3235 deponat,

469 3244 636 3307 mala
695 3243 808 3307 diu
855 3242 1184 3328 longeque
1239 3252 1546 3329 usurpata
1594 3242 2034 3328 derelinquat3
2095 3254 2169 3310 ut
2212 3245 2369 3312 dum
2412 3268 2615 3315 mens,
2641 3250 2722 3312 ab
2770 3270 2856 3311 as—

467 3343 666 3409 suetis
709 3342 880 3406 vitiis
929 3351 1261 3423 vacuatur,
1335 3340 1585 3409 facilius
1626 3364 1791 3427 quae
1848 3345 2017 3411 bona
2066 3346 2435 3433 optimaque
2492 3356 2647 3413 sunt
2676 3347 2731 3433 4)
2772 3347 2854 3411 in-

472 3452 785 3509 serantur.

637 3541 988 3631 Scripturis
1057 3542 1227 3607 enim
1295 3542 1495 3609 sacris
1564 3542 1841 3608 nitentes
1860 3542 1914 3629 ⁵)
1984 3544 2395 3613 decernimus
2412 3596 2433 3631 ,
2502 3556 2575 3611 ut
2644 3569 2857 3613 omnes

469 3646 595 3711 sint
637 3644 990 3726 unanimeS,
1037 3644 1266 3709 officiis
1315 3643 1549 3709 divinis
1596 3644 2113 3730 lectionibusque
2144 3648 2341 3713 sacris
2370 3648 2635 3731 assidui,
2678 3658 2855 3733 atque

465 3746 551 3809 ad
595 3744 1030 3810 obedientiam
1069 3744 1355 3832 episcopi
1395 3744 1495 3809 sui
1533 3745 2035 3833 praepositique,
2076 3756 2152 3811 ut
2190 3748 2351 3813 ordo
2382 3747 2727 3818 canonicus
2758 3750 2855 3813 de·

469 3845 697 3934 poscit,
740 3844 964 3932 parati,
1009 3844 1270 3908 caritate
1315 3843 1613 3926 connexi,
1654 3846 1796 3911 zelo
1840 3848 2011 3911 bono
2052 3848 2505 3915 ferventissimi
2528 3851 2605 3936 ⁶),
2648 3872 2859 3919 amore

667 4056 718 4122 *)
754 4054 916 4109 Circa
949 4066 1152 4107 annum
1188 4052 1296 4107 760
1329 4052 1640 4122 composita
1674 4056 1779 4109 est.
1865 4054 2009 4109 Dedi
2042 4072 2167 4109 eam
2202 4072 2273 4111 ex
2311 4056 2556 4113 editione
2590 4060 2858 4115 Harduini
2921 4056 2922 4059 ’

471 4144 530 4197 in
565 4143 682 4197 eius
721 4142 848 4197 Act.
885 4140 1092 4197 Concil.
1131 4139 1220 4194 IV.
1258 4140 1416 4195 1181.
1492 4140 1635 4194 Vide
1670 4140 1963 4197 Lehrbuch
2002 4142 2099 4197 des
2135 4143 2569 4199 Kirchenrechts
2609 4147 2659 4207 ξ.
2704 4144 2821 4197 140.

637 4228 718 4297 **)
762 4233 964 4285 Variae
1006 4232 1261 4283 lectiones
1291 4241 1573 4283 sumuntur
1608 4249 1673 4282 eoe
1710 4232 1943 4285 editione
1976 4232 2177 4285 domim*
2208 4234 2385 4287 Lucae
2406 4234 2689 4300 Dat-luerit)
2730 4242 2861 4284 tomo

469 4317 518 4371 1.
557 4320 857 4387 spicilegii.
1105 4315 1155 4385 1)
1193 4318 1266 4369 al.
1305 4318 1612 4380 retractare
1650 4319 1747 4370 aut
1784 4316 1985 4372 dicere.
2196 4320 2253 4387 2)
2295 4322 2474 4385 Forte,
2519 4319 2861 4388 conquirere.

467 4402 526 4470 3)
567 4406 639 4458 al.
679 4406 845 4471 atque
883 4402 1300 4473 recuperatione
1337 4402 1690 4471 provocatus.
1891 4405 1945 4470 4)
1982 4408 2055 4459 al.
2094 4402 2240 4459 bona
2278 4408 2335 4459 et
2364 4404 2577 4476 optima
2614 4422 2861 4475 quaeque

468 4493 614 4543 sunt.
816 4491 872 4559 5)
912 4494 986 4545 al.
1025 4490 1244 4545 intenti.
1447 4491 1504 4558 6)
1546 4494 1621 4545 al.
1657 4488 2174 4561 ferventissimoque
2215 4505 2418 4549 amore.
2520 4509 2527 4515 ·
