2959 4984
554 312 802 364 xxxm.
842 286 1360 367 ‘comosum
1397 312 1759 365 mutum
1797 312 1863 364 A.
1903 308 2058 365 1817.
2417 308 2522 365 20⁷

114 474 411 542 hentium
450 498 602 563 pars
640 472 1139 541 Commissarios
1180 474 1557 557 nominabit,
1606 495 1680 538 ac
1726 472 1809 538 de
1851 472 2106 538 formali
2151 476 2520 563 praedictae

117 576 573 663 assignationis
616 584 761 642 actu
798 576 921 641 tria
970 574 1368 665 exemplaria
1418 576 1488 641 in
1554 574 1920 639 authentica
1969 574 2178 639 forma
2217 578 2518 665 expediri

112 676 363 743 iubebit
398 677 609 763 Regia
647 676 951 758 Maiestas
966 726 985 761 ,
1028 700 1229 741 unum
1274 698 1395 764 pro
1441 674 1756 741 Archivio
1800 673 2034 761 RegiO,
2078 675 2352 741 alterum
2401 702 2523 767 pro

111 776 363 843 Nuntio
411 777 795 867 Apostolico
814 827 834 861 ,
904 777 1167 843 tertium
1232 775 1517 861 denique
1573 797 1693 863 pro
1739 774 2052 840 Archivio
2113 776 2516 862 singularum

108 876 573 944 Ecclesiarum.
615 917 701 927 —-
741 878 895 943 Alia
939 876 1303 959 Beneficia,
1344 876 1459 942 ubi
1507 883 1780 958 exstant,
1828 878 2397 943 conservabuntur.
2439 916 2524 927 —-

116 979 320 1062 Quod
365 978 651 1068 pertinet
691 978 776 1043 ad
820 975 1196 1043 Dioecesim
1244 974 1628 1063 Spirensem
1650 1024 1670 1058 ,
1733 973 2037 1060 quoniam
2082 977 2164 1041 ob
2206 977 2524 1064 speciales

114 1079 629 1144 circumstantias
676 1078 736 1143 ei
782 1100 954 1143 nunc
997 1062 1183 1142 fundi
1227 1099 1302 1141 ac
1344 1077 1516 1142 bona
1557 1074 1807 1141 stabilia
1849 1074 2162 1161 assignari
2205 1097 2339 1141 non
2378 1100 2528 1166 pos-

118 1189 287 1264 sent,
331 1180 584 1244 interea
622 1199 831 1263 usque
882 1178 1036 1243 dum
1079 1178 1245 1243 haec
1284 1176 1636 1262 assignatio
1679 1174 1826 1240 fieri
1866 1175 2112 1257 valeat,
2158 1176 2528 1264 providebi-

110 1290 223 1345 tur
266 1302 307 1344 a
350 1279 685 1345 Maiestate
735 1275 873 1344 Sua
942 1299 1063 1366 per
1123 1276 1629 1365 assignationem
1695 1275 2144 1363 praestationis
2203 1280 2529 1347 annuatim

116 1379 476 1446 solvendae
515 1378 586 1443 in
623 1400 904 1443 summa:
946 1376 1077 1443 Pro
1109 1376 1435 1467 Episcopo
1480 1377 1880 1442 florenorum
1923 1398 2043 1441 sex
2069 1378 2364 1463 millium,
2407 1404 2529 1469 pro

117 1478 505 1567 Praeposito
550 1477 949 1542 florenorum
988 1476 1165 1541 mille
1212 1472 1740 1562 quingentorum,
1776 1497 1895 1562 pro
1935 1474 2204 1542 Decano
2248 1479 2528 1546 floreno-

122 1602 274 1646 rum
318 1579 498 1644 mille
546 1578 1072 1664 quingentorum,
1114 1598 1235 1666 pro
1280 1576 1510 1661 quovis
1555 1596 1643 1641 ex
1685 1584 1829 1641 octo
1863 1574 2204 1643 canonicis
2250 1580 2528 1647 floreno·

124 1702 275 1745 rum
320 1678 540 1760 mille,
602 1700 723 1768 pro
768 1676 996 1763 quovis
1044 1699 1079 1742 e
1124 1699 1244 1742 sex
1281 1675 1564 1741 Vicariis
1607 1677 2001 1741 florenorum
2045 1690 2525 1748 sexcentorum.

115 1818 202 1828 —
244 1778 667 1846 Fabricarum
712 1777 993 1863 denique
1033 1778 1450 1866 ipsarumque
1493 1776 1933 1841 Ecclesiarum
1975 1777 2193 1862 fundi,
2259 1782 2527 1868 reditus,

117 1883 296 1947 bona
336 1878 607 1944 mobilia
650 1886 715 1942 et
766 1870 1120 1944 immobilia
1164 1878 1716 1943 conservabuntur
1775 1886 1843 1943 et
1883 1878 2008 1943 nisi
2050 1902 2171 1968 pro
2210 1878 2528 1950 Ecclesia-

113 2004 267 2046 rum
304 1977 791 2045 manutentione
810 2027 830 2060 ,
885 2001 1007 2068 pro
1068 1977 1269 2043 divini
1333 1978 1544 2043 cultus
1589 1977 1895 2064 expensis
1939 1989 2006 2044 et
2043 1978 2530 2050 inservientium

110 2079 637 2147 necessariorum
682 2078 928 2143 salariis
972 2078 1314 2162 sufficiant,
1360 2077 1497 2145 Sua
1535 2076 1839 2143 Maiestas
1883 2080 2231 2167 supplebit.

286 2181 437 2247 Art.
478 2180 565 2245 V.
666 2178 803 2245 Sua
862 2178 1143 2265 singulis
1194 2178 1627 2245 Dioecesibus
1698 2175 2064 2243 Seminaria
2119 2180 2528 2269 Episcopalia

119 2288 594 2347 conserventur
650 2288 715 2343 et
756 2278 1084 2343 dotatione
1132 2300 1422 2365 congrua
1463 2277 1534 2344 in
1577 2278 1766 2343 bonis
1811 2278 2160 2365 fundisque
2197 2280 2532 2347 stabilibus

118 2380 627 2471 provideantur3
692 2379 763 2443 in
806 2378 887 2443 iis
931 2388 1148 2445 autem
1190 2378 1623 2445 Dioeeesibus
1668 2378 1737 2443 in
1785 2378 2018 2463 quibus
2063 2379 2335 2463 desunt,
2389 2382 2529 2447 sine

115 2503 305 2546 mora
344 2502 495 2545 cum
541 2479 771 2545 eadem
807 2478 1052 2567 pariter
1096 2478 1424 2544 dotatione
1468 2479 1540 2543 in
1579 2477 1770 2543 bonis
1808 2477 2157 2563 fundisque
2197 2479 2532 2547 stabilibus

117 2580 503 2648 fundentur.
532 2578 713 2645 —In
755 2579 1115 2645 seminariis
1158 2587 1375 2644 autem
1417 2578 1837 2644 admittentur
1885 2588 2078 2663 atque
2122 2579 2204 2644 ad
2238 2602 2532 2647 normam

120 2680 317 2749 Sacri
370 2679 647 2746 Concilii
700 2679 1069 2746 Tridentini
1114 2680 1624 2745 efformabuntur
1676 2687 1871 2764 atque
1923 2678 2339 2745 instituentur
2377 2679 2530 2746 ado-

115 2784 449 2847 lescentes
474 2830 495 2864 ,
554 2801 717 2865 quos
775 2779 1277 2870 Archiepiscopi
1336 2788 1401 2845 et
1436 2779 1748 2868 Episcopi
1807 2778 1952 2868 pro'
1984 2781 2369 2846 necessitate
2422 2782 2532 2847 vel

114 2882 401 2947 utilitate
436 2879 855 2946 Dioecesium
893 2880 962 2946 in
999 2881 1081 2945 iis
1118 2879 1532 2969 recipiendos
1578 2880 2027 2946 iudicaverint.
2081 2881 2368 2948 *Horum
2411 2880 2532 2949 Se-

117 2981 544 3049 minariorum
588 2982 929 3066 ordinati0,
980 2981 1303 3065 doctrina,
1344 2980 1730 3067 gubernatio
1778 2990 1843 3045 et
1887 2981 2353 3047 administratio
2398 2982 2528 3048 Ar-

116 3081 691 3171 chiepiscoporum
737 3091 805 3147 et
834 3082 1308 3171 Episcoporum
1354 3081 1716 3147 auctoritati
1756 3082 1956 3171 pleno
1999 3083 2338 3169 liberoque
2383 3084 2527 3149 iure

118 3183 453 3249 subiectae
500 3192 691 3248 erunt
728 3183 909 3249 iuxta
946 3184 1187 3249 formas
1232 3182 1588 3248 canonicas.
1660 3220 1746 3229 —-
1801 3182 2115 3248 Rectores
2159 3204 2418 3270 quoque
2467 3192 2532 3248 et

112 3283 539 3349 Professores
590 3283 1101 3351 Seminariorum
1145 3286 1225 3349 ab
1268 3282 1804 3371 Archiepiscopis
1853 3292 1918 3348 et
1942 3282 2282 3373 Episcopis
2325 3284 2530 3349 nomi-

114 3387 484 3467 nabuntur,
551 3393 617 3447 et
657 3383 1171 3470 quotiescunque
1212 3382 1653 3449 necessarium
1693 3392 1804 3447 aut
1839 3384 1998 3449 utile
2041 3386 2121 3449 ab
2163 3383 2322 3472 ipsis
2365 3383 2530 3449 iudi-

117 3484 396 3567 cabitur,
439 3485 966 3549 removebuntur.
990 3522 1076 3532 —
1114 3482 1281 3550 Cum
1298 3482 1640 3571 Episcopis
1684 3482 2015 3549 incumbat
2056 3481 2246 3548 Fidei
2285 3508 2360 3549 ac
2395 3507 2532 3550 mo-

112 3607 267 3649 rum
309 3582 643 3648 doctrinae
684 3581 1027 3669 invigilare
1052 3633 1073 3667 ,
1138 3583 1207 3648 in
1249 3582 1440 3648 huius
1499 3581 1696 3647 officii
1752 3583 2064 3649 exercitio
2127 3582 2320 3649 etiam
2365 3584 2532 3649 circa

114 3684 379 3750 scholas
425 3684 715 3771 publicas
762 3686 945 3749 nullo
986 3685 1181 3750 modo
1226 3683 1686 3774 impedientur.

298 3783 453 3849 Art.
495 3783 617 3849 VI.
700 3783 1005 3850 Maiestas
1048 3782 1185 3852 Sua
1231 3784 1484 3871 Regia,
1529 3784 1778 3850 collatis
1822 3806 1968 3850 cum
2004 3781 2536 3871 Archiepiscopis

114 3893 185 3950 et
206 3882 561 3973 Episcopis
606 3884 907 3969 consiliis,
951 3885 1307 3974 assignabit
1348 3885 1598 3973 pariter
1645 3907 1790 3951 cum
1832 3884 2181 3949 sufficienti
2223 3884 2376 3949 dote
2417 3882 2531 3948 do-

108 4006 319 4069 mum,
362 3983 437 4049 in
480 4006 606 4069 qua
646 3984 887 4051 infirmi
929 4010 1005 4053 ac
1049 4009 1235 4053 senes
1282 3987 1500 4052 clerici
1529 3986 1917 4094 benemeriti
1963 3987 2253 4051 solamen
2287 3993 2354 4050 et
2385 4007 2530 4073 asy-

112 4086 257 4152 lum
297 4084 658 4174 reperiant.

281 4186 439 4251 Art.
482 4184 640 4250 VII.
722 4184 1003 4274 Insuper
1040 4184 1342 4251 Maiestas
1385 4184 1524 4251 Sua
1567 4182 1981 4251 considerans
2003 4233 2024 4267 ,
2081 4164 2242 4269 quot
2287 4183 2524 4249 utilita-

108 4296 209 4353 tes
250 4283 563 4352 Ecclesia
601 4293 793 4370 atque
835 4285 978 4373 ipse
1021 4294 1219 4351 status
1257 4309 1300 4351 a
1340 4285 1668 4371 religiosis
1730 4285 2064 4353 ordinibus
2107 4284 2524 4373 perceperint

110 4412 189 4454 ac
233 4384 590 4476 percipere
644 4384 715 4451 in
762 4394 1099 4474 posterum
1139 4387 1433 4476 possint,
1504 4395 1571 4451 et
1625 4396 1699 4452 ut
1735 4394 2104 4473 promptam
2144 4408 2327 4452 suam
2367 4407 2528 4474 erga

114 4487 437 4556 Sanctam
480 4482 733 4553 Sedem
773 4486 1174 4553 voluntatem
1216 4489 1496 4578 probet,
1561 4486 1776 4571 aliqua
1812 4486 2319 4600 Monasticorum
2362 4491 2533 4557 ordi-
