2959 4984
571 278 819 331 vam.
891 276 1380 331 OONOORDATA
1420 276 1787 331 BADENSIA
1824 279 1889 329 A.
1926 274 2085 333 1859.
2428 276 2533 334 381

112 446 368 511 tionem
399 444 756 513 Ordinatio
788 445 897 510 vel
943 445 1084 529 ejus
1119 442 1444 531 deputatis
1475 444 1825 529 quotannis
1850 442 2137 511 reddere
2164 450 2528 526 teneantur,

125 544 384 613 etiamsi
426 546 606 610 illam
643 536 792 610 'aliis
834 544 1120 611 reddere
1162 544 1444 611 debeant
1486 566 1573 609 ex
1607 542 1959 633 praedictis
2000 543 2225 608 titulis.

293 646 412 714 Ob
471 645 826 735 peculiaria
886 655 1104 713 autem
1156 666 1380 711 rerum
1432 644 1735 731 adjuncta
1782 653 1849 709 et
1890 643 2243 709 dummodo
2288 645 2529 733 publici

119 748 356 815 aerarii
431 746 794 835 sumptibus
849 755 989 814 tum
1037 746 1456 833 generalibus
1502 755 1641 811 tum
1685 744 2001 811 localibus
2041 744 2373 811 Ecclesiae
2418 768 2531 813 ne-

121 848 538 915 cessitatibus
595 847 1012 915 subveniatur
1024 897 1047 932 ,
1113 868 1189 912 ea
1245 845 1318 911 in
1373 844 1837 913 conservandis
1877 845 2533 933 administrandisque

119 948 578 1015 ecclesiasticis
614 948 823 1031 bonis,
864 946 1099 1013 iisdem
1141 968 1362 1013 rerum
1405 945 1734 1033 adjunctis
1779 946 2301 1034 perdurantibus,
2347 957 2539 1015 erunt

121 1048 554 1132 observanda,
597 1068 764 1135 quae
805 1048 877 1115 in
925 1048 1346 1133 sequentibus
1387 1046 1675 1113 articulis
1714 1055 2099 1113 statuuntur.

281 1148 488 1215 XIII.
576 1147 814 1215 Omnia
881 1149 1192 1236 cujusque
1254 1146 1729 1213 ecclesiasticae
1770 1147 2169 1215 fundationis
2209 1150 2379 1215 bona
2416 1171 2541 1215 nec

123 1250 319 1315 vendi
381 1258 502 1315 aut
553 1248 944 1339 permutari,
1007 1271 1130 1315 nec
1189 1248 1258 1315 in
1305 1246 1765 1337 emphyteusin
1806 1246 1973 1314 tradi
2019 1257 2085 1315 et
2127 1249 2535 1337 hypothecae

129 1350 410 1436 aliisque
461 1349 780 1420 oneribus
815 1350 1062 1436 subjici,
1101 1370 1226 1415 nec
1261 1348 1396 1414 ulla
1439 1348 1867 1433 transactione
1894 1348 2181 1433 alienari,
2222 1373 2347 1417 nec
2370 1351 2540 1415 ultra

128 1451 536 1517 novennium
579 1450 826 1535 locari,
867 1472 1081 1537 neque
1132 1472 1358 1517 eorum
1401 1448 1651 1515 reditus
1694 1449 1764 1515 in
1806 1450 1968 1515 alios
2012 1474 2051 1515 a
2093 1451 2541 1517 fundationum

123 1552 386 1639 legibus
450 1552 698 1618 alienos
761 1574 920 1619 usus
967 1551 1258 1617 converti
1299 1550 1436 1617 ullo
1484 1549 1681 1616 modo
1724 1572 2007 1635 unquam
2053 1560 2362 1640 poterunt
2402 1551 2543 1617 sine

133 1652 618 1719 ecclesiasticae
657 1652 996 1740 potestatis
1033 1650 1244 1719 venia.

295 1752 648 1819 Consentit
711 1772 934 1821 ausem
977 1750 1052 1821 S.
1097 1750 1348 1836 Sedes,
1419 1760 1495 1817 ut
1558 1750 1629 1817 in
1682 1750 2135 1817 ecclesiasticis
2194 1754 2379 1819 bonis
2436 1755 2546 1819 vel

129 1854 516 1937 alienandis,
560 1854 672 1919 vel
711 1874 879 1919 novo
923 1852 1109 1919 oneri
1152 1850 1598 1938 subjiciendis,
1646 1850 1755 1917 vel
1802 1848 1873 1915 in
1914 1851 2299 1918 eorumdem
2341 1854 2543 1919 bono-

131 1976 276 2021 rum
339 1953 665 2022 reditibus
723 1954 793 2019 in
849 1953 1014 2020 alios
1075 1975 1232 2019 usus
1273 1952 1629 2040 erogandis
1672 1952 1993 2020 Gubernii
2040 1975 2391 2019 consensus
2434 1953 2545 2018 ha-

131 2055 382 2121 beatur.

298 2154 494 2221 XIV.
579 2155 766 2223 Bona
786 2176 978 2241 „vero
991 2202 1012 2237 ,
1079 2176 1244 2239 quae
1303 2155 1386 2221 ad
1427 2154 1727 2223 Mensam
1770 2154 2416 2243 Archiepiscopalem
2462 2160 2541 2218 ‘et

133 2255 212 2320 ad
263 2255 439 2321 illud
489 2254 965 2322 canonicorum
1007 2254 1400 2341 collegium,
1463 2255 2035 2345 metropolitanum
2080 2254 2431 2341 Templum
2473 2261 2539 2317 et

133 2355 214 2419 ad
259 2354 704 2423 Seminarium
749 2354 1099 2443 pertinent,
1149 2376 1228 2421 ea
1268 2358 1349 2423 ab
1391 2356 1537 2444 ipso
1581 2354 2097 2445 Archiepiscopo
2148 2355 2257 2419 vel
2296 2357 2377 2420 ab
2424 2375 2530 2419 eo—

133 2455 276 2521 dem
321 2454 802 2522 Canonicorum
861 2454 1148 2541 collegio
1195 2457 1388 2542 juxta
1429 2456 1789 2523 Canonicas
1846 2455 2210 2521 sanctiones
2270 2454 2531 2519 omnino

131 2554 334 2623 libere
379 2565 574 2623 erunt
620 2554 1170 2641 administranda,
1231 2556 1434 2625 veluti
1481 2558 1676 2623 etiam
1718 2578 1946 2622 omnes
1992 2554 2102 2620 alii
2144 2554 2362 2636 fundi,
2430 2552 2577 2638 qui—

133 2657 236 2721 vel
277 2679 368 2723 ex
413 2656 793 2723 eorumdem
833 2658 1158 2723 bonorum
1199 2657 1761 2724 administratione
1800 2657 1910 2721 vel
1950 2678 2038 2722 ex
2080 2654 2540 2743 Archiepisco-

136 2756 292 2842 palis
333 2755 570 2841 Sedis,
633 2757 746 2822 vel
801 2758 1112 2843 cujusque
1161 2757 1649 2847 Metropolitani
1690 2756 1951 2847 Templi
2006 2754 2309 2821 beneficii
2352 2778 2536 2820 vaca-

138 2855 308 2921 tione
345 2866 762 2943 supererunt,
810 2858 920 2923 vel
963 2878 1050 2923 ex
1090 2858 1277 2923 novis
1320 2858 1723 2948 privatorum
1757 2858 2097 2923 hominum
2142 2854 2533 2921 fundationi-

136 2955 250 3021 bus
298 2956 560 3021 collecti
599 2956 882 3041 fuerunt,
927 2958 1036 3023 vel
1076 2958 1146 3023 in
1194 2968 1533 3046 posterum
1578 2959 1805 3045 colligi
1846 2966 2175 3047 poterunt.

298 3054 521 3121 Fundi
565 3078 724 3122 vero
769 3066 836 3122 et
874 3059 1042 3124 bona
1087 3059 1356 3143 stabilia,
1405 3081 1569 3145 quae
1605 3084 1643 3125 a
1670 3058 2007 3127 Gubernio
2035 3079 2159 3145 pro
2192 3056 2345 3120 dote
2376 3056 2544 3140 ejus-

145 3155 292 3221 dem
333 3156 935 3246 Archiepiscopalis
979 3157 1310 3225 Ecclesiae
1344 3160 1481 3245 jam
1522 3160 1827 3225 attributa
1864 3168 2031 3241 sunt,
2074 3156 2242 3221 vel
2220 3178 2291 3221 1n
2331 3163 2546 3243 poste-

144 3278 282 3323 rum
325 3257 797 3341 attribuentur,
845 3258 984 3324 sine
1031 3258 1350 3326 Gubernii
1395 3280 1717 3325 consensu
1753 3282 1879 3324 nec
1923 3256 2211 3341 alienari,
2254 3278 2381 3321 nec
2423 3255 2544 3321 ulli

146 3358 324 3425 oneri
371 3357 602 3443 subjici
643 3366 967 3447 poterunt.
1053 3358 1238 3425 Nihil
1280 3381 1440 3426 vero
1486 3363 1717 3443 obstat,
1758 3358 2103 3445 quominus
2152 3357 2364 3446 ipsum
2403 3355 2540 3423 Gu-

147 3456 442 3525 bernium
479 3457 842 3526 identidem
883 3480 1156 3525 noscere
1201 3460 1428 3547 possit,
1482 3470 1702 3527 utrum
1744 3462 1917 3527 bona
1956 3461 2097 3548 ipsa
2138 3467 2309 3525 sarta
2351 3466 2546 3523 tecta-

151 3576 272 3641 que
316 3557 467 3624 sint.
563 3606 568 3613 -

305 3657 464 3723 XV.
509 3658 698 3725 Bona
739 3668 978 3743 autem,
1023 3682 1188 3747 quae
1233 3660 1512 3749 capitula
1550 3662 1791 3728 ruralia
1830 3662 1924 3727 sic
1974 3660 2147 3725 dicta
2188 3657 2545 3748 possident,

151 3757 228 3823 ab
281 3758 446 3847 ipsis
501 3759 796 3848 capitulis
851 3761 1060 3829 libere
1111 3771 1304 3829 erunt
1343 3762 1851 3831 administranda
1896 3762 2015 3827 sub
2054 3759 2247 3825 unius
2291 3767 2540 3825 tantum

155 3857 648 3949 Archiepiscopi
691 3862 1115 3950 inspectione.

311 3959 501 4026 XVI.
586 3960 804 4029 Fundi
856 3972 922 4030 et
959 3964 1134 4031 bona
1175 3962 1410 4047 omnia,
1457 3984 1621 4048 quae
1662 3972 1802 4029 tum
1842 3963 1927 4027 ad
1968 3961 2407 4029 Ecclesiarum
2448 3960 2542 4024 fa-

159 4058 380 4145 bricas,
423 4071 564 4127 tum
603 4062 690 4127 ad
737 4063 1203 4132 ecclesiasticas
1244 4064 1560 4150 cujusque.
1601 4064 1729 4131 loci
1756 4062 2165 4131 fundationes
2195 4060 2543 4150 pertinent,

155 4180 268 4246 per
295 4162 580 4249 collegia
628 4163 711 4231 ad
759 4164 1141 4232 eorumdem
1183 4165 1502 4231 bonorum
1540 4163 2161 4231 administrationem
2204 4160 2543 4243 destinata,

155 4257 220 4323 in
277 4261 552 4349 singulis
613 4263 943 4331 catholicis
1001 4261 1581 4331 communitatibus
1640 4263 2071 4332 administrari
2114 4270 2423 4352 poterunt
2466 4283 2549 4330 eo

159 4362 344 4429 modo
357 4412 380 4447 ,
426 4363 538 4450 qui
577 4364 884 4449 invaluit,
930 4364 1282 4433 dummodo
1329 4375 1549 4433 tamen
1585 4365 1921 4433 Ecclesiae
1964 4365 2227 4431 nomine
2270 4362 2541 4429 admini-

161 4470 437 4531 strentur
487 4475 554 4531 et
591 4464 870 4535 Parochi
913 4465 1154 4553 aliique
1197 4464 1595 4535 Sacerdotes
1634 4478 1899 4551 munus,
1946 4490 2077 4553 quo
2119 4467 2188 4533 in
2228 4466 2371 4533 istis
2414 4466 2545 4532 col-
