2959 4984
411 252 577 357 xm²
642 296 891 348 ΒΗΜΛ
930 296 1071 349 ΡΒο
1108 295 1354 349 aneso
1392 268 1964 349 HANNovns'mNo
2003 296 2067 347 A.
2111 293 2266 349 1824.
2419 294 2523 349 267

305 461 477 546 (VI.)
564 462 827 527 Mensae
868 459 1275 549 Episcopalis
1336 461 1532 525 annui
1582 460 1878 526 redditus
1921 470 2112 527 erunt
2151 462 2221 527 in
2264 460 2534 529 Summa

160 564 439 645 Quatuor
481 562 661 626 mille
701 562 1101 626 thalerorum
1142 570 1440 625 monetae
1481 561 1988 627 conventionalis
2005 610 2025 643 ,
2067 570 2141 625 ut
2179 562 2347 627 infra
2386 584 2532 651 per-

154 662 620 749 cipiendorum,
688 685 763 726 ac
806 661 1071 749 insuper
1116 660 1312 725 aedes
1354 684 1475 748 pro
1525 660 1780 725 decenti
1825 662 2256 746 habitatione,
2303 663 2359 728 si
2403 686 2534 729 non

152 762 367 844 adsint,
411 763 665 827 noviter
706 762 1033 849 Episcopo
1085 771 1271 827 erunt
1316 760 1783 826 attribuendae.

300 861 507 947 (VII.)
595 862 900 926 Decanus
929 860 1211 948 Capituli
1238 859 1648 926 Cathedralis
1691 883 1900 925 annuo
1929 860 2193 926 redditu
2219 862 2530 929 Thalero-

149 986 279 1026 rum
321 962 501 1026 mille
547 962 1054 1047 quingentorum
1097 970 1393 1025 monetae
1442 960 1981 1045 conventionaIiS,
2018 960 2176 1045 *duo
2227 961 2535 1028 Canonici

154 1058 449 1127 Seniores
503 1060 684 1140 mille
733 1068 1007 1143 quatuor
1056 1070 1348 1143 centum,
1416 1060 1680 1142 tertiUS,
1747 1069 1813 1123 et
1861 1068 2122 1145 quartus
2169 1061 2531 1127 Canonicus

150 1162 332 1243 mille,
375 1144 691 1249 postremi
739 1160 865 1223 duo
914 1156 1221 1225 Canonici
1266 1160 1808 1245 octingentorum,
1853 1184 1927 1225 ac
1969 1170 2242 1246 quatuor
2267 1161 2530 1245 Vicarii,

148 1283 251 1325 seu
276 1260 711 1325 Praebendati
754 1268 1289 1345 quatuorcentum
1330 1268 1401 1323 ut
1438 1260 1607 1324 infra
1641 1260 2230 1349 percipiendorum,
2273 1283 2530 1349 respec-

149 1360 265 1425 tive
308 1360 727 1447 gaudebunt,
790 1368 983 1443 atque
1022 1359 1289 1447 insuper
1332 1359 1670 1443 DecanuS,
1712 1352 1984 1444 quilibet
2027 1360 2424 1444 CanonicuS,
2471 1370 2536 1425 et

153 1460 269 1524 duo
292 1459 539 1524 Vicarii
578 1460 647 1522 in
688 1456 915 1522 ordine
957 1459 1207 1545 priores
1236 1460 1488 1525 Domos
1531 1460 1880 1545 habebunt,
1922 1462 2266 1547 unicuique
2306 1483 2533 1526 eorum

147 1560 557 1625 Praebendae
600 1558 1041 1645 assignandas,

295 1658 547 1743 (VIII.)
634 1658 747 1722 Ad
791 1658 1163 1723 huiusmodi
1213 1666 1429 1723 autem
1474 1658 1770 1723 redditus
1816 1660 2296 1725 constituendos
2345 1682 2530 1749 prae-

154 1758 303 1822 fatus
353 1758 689 1843 Georgius
733 1757 1290 1846 Rex-spopondit
1330 1758 1499 1824 intra
1543 1759 2035 1843 quadriennium
2078 1784 2115 1825 a
2161 1759 2310 1824 data
2347 1782 2533 1848 prae-

146 1856 410 1921 sentium
458 1858 930 1922 numerandum
974 1862 1071 1923 tot
1112 1858 1419 1941 Fundos,
1464 1882 1538 1922 ac
1575 1860 1745 1923 bona
1785 1859 2053 1943 stabilia,
2095 1861 2420 1944 DecimaS,
2467 1869 2534 1926 et

146 1978 355 2021 census
398 1957 613 2024 reales
656 1958 889 2022 iisdem
934 1957 1281 2046 Episcopo,
1330 1967 1395 2023 et
1441 1957 1740 2047 Capitulo
1787 1982 1880 2043 ea,
1928 1984 2052 2045 qua
2095 1961 2369 2047 singulis
2411 1984 2530 2049 par

147 2066 235 2119 est
276 2058 661 2141 quantitate,
722 2081 791 2122 se
838 2059 1257 2141 traditurum,
1306 2068 1463 2144 quot
1509 2060 1856 2146 praedictis
1901 2062 2129 2125 annuis
2177 2062 2527 2147 adsignatis

141 2156 487 2223 redditibus
534 2161 613 2225 ab
661 2159 833 2223 omni
897 2160 1355 2243 cuiuscumque
1412 2160 1676 2246 generis
1745 2182 1941 2225 onere
1995 2184 2260 2249 prorsus
2305 2162 2530 2227 liberis

146 2266 203 2319 et
237 2250 629 2323 immunibus
671 2258 1130 2345 respondeant,
1174 2259 1265 2323 ita
1303 2268 1539 2343 tamen,
1580 2268 1650 2323 ut
1694 2268 1880 2323 antea
1906 2282 2027 2347 per
2053 2260 2532 2349 infrascriptum

142 2356 351 2422 harum
394 2358 791 2423 Litterarum
825 2358 1317 2443 Exequutorem
1359 2359 1782 2447 Apostolicae
1813 2357 2009 2425 Sedis
2051 2360 2289 2424 iudicio
2314 2360 2530 2426 *subii-

143 2457 390 2541 ciantur,
444 2482 573 2543 quo
619 2467 911 2523 accurate
954 2480 1281 2547 perpenso
1330 2459 1762 2523 neeessariam
1806 2461 1883 2524 ab
1929 2459 2074 2546 ipsa
2119 2459 2526 2546 adprobatio-

142 2580 277 2623 nem
314 2559 783 2623 nanciscantur.
830 2559 1093 2623 Interea
1133 2580 1310 2641 vero,
1359 2558 1567 2623 donec
1608 2558 1851 2623 isthaec
1890 2558 2267 2624 reddituum
2309 2558 2525 2645 adsig-

140 2660 292 2723 natio
330 2659 399 2724 in
442 2659 693 2724 Fundis
734 2683 809 2724 ac
850 2659 1049 2724 Bonis
1096 2660 1463 2743 stabilibus,
1511 2659 1801 2724 Decimis
1824 2710 1843 2741 ,
1894 2658 2342 2745 Censibusque
2384 2681 2522 2724 rea-

138 2760 293 2825 libus
333 2762 553 2825 locum
598 2761 865 2843 habeat,
915 2768 1305 2825 memoratae
1352 2758 1661 2825 Summae
1704 2758 2068 2848 Episcop0,
2118 2769 2182 2824 et
2226 2758 2524 2847 Capitulo

141 2884 175 2923 a
208 2860 539 2925 Thesauro
578 2860 790 2947 Regio
835 2861 1175 2944 quotannis
1213 2860 1281 2924 in
1322 2860 1599 2949 pecunia
1639 2869 1971 2925 numerata
2011 2860 2292 2947 integre,
2335 2884 2410 2927 ac
2451 2861 2526 2925 li-

140 2962 281 3025 bere
328 2970 521 3025 erunt
557 2960 1052 3047 persolvendae.

296 3062 471 3147 (IX.)
568 3061 763 3144 Quod
804 3082 962 3125 vero
1010 3068 1256 3148 spectat
1293 3060 1652 3125 Ecclesiam
1696 3060 2306 3148 Osnabrugensem,
2365 3085 2524 3149 quo-

140 3160 294 3225 niam
330 3171 711 3251 praesentes
755 3184 977 3232 rerum
1022 3162 1534 3227 circumstantiae
1562 3171 1900 3247 utramque
1928 3163 2288 3228 Ecclesiam
2321 3164 2527 3229 dotari

138 3282 315 3345 posse
355 3286 493 3328 non
535 3263 769 3345 sinunt,
813 3284 982 3326 nova
1014 3262 1215 3349 ipsius
1248 3254 1774 3349 Osnabrugensis
1803 3263 2208 3350 Episcopalis
2237 3263 2524 3346 Mensae,

140 3359 439 3449 Capituli,
485 3385 562 3426 ac
607 3360 953 3428 Seminarii
998 3362 1237 3427 dotatio
1284 3384 1601 3451 suspensa
1643 3371 1932 3451 perstet:
1999 3364 2366 3449 usquedum
2407 3385 2520 3428 ne-

139 3463 397 3527 ccssaria
437 3462 523 3527 ad
568 3462 638 3527 id
682 3473 1027 3551 suppetant
1067 3463 1319 3547 media,
1387 3486 1514 3549 quo
1562 3486 1716 3528 casu
1759 3463 1828 3528 in
1868 3464 2122 3547 fundis,
2169 3464 2356 3529 bonis
2403 3474 2526 3528 sta-

142 3560 391 3645 bilibus,
457 3563 763 3647 decimis,
812 3565 1237 3649 censibusque
1294 3565 1578 3629 realibus
1625 3565 1748 3628 erit
1799 3562 2217 3651 perficienda.
2306 3562 2531 3647 Atque

136 3670 275 3727 tunc
320 3663 850 3751 Osnabrugensis
896 3664 1258 3753 Episcopus
1316 3688 1449 3730 non
1502 3687 1686 3730 secus
1731 3687 1805 3729 ac
1842 3663 2201 3750 Episcopus
2242 3661 2530 3726 Hildesi-

138 3764 363 3829 mensis
412 3788 625 3829 annuo
662 3766 925 3830 redditu
962 3768 1257 3849 Quatuor
1294 3766 1568 3830 millium
1599 3766 2024 3830 Thalerorum
2055 3768 2352 3827 monetae
2379 3781 2528 3824 con-

138 3864 514 3929 ventionalis
551 3865 619 3929 in
659 3866 1225 3954 supramemoratis
1267 3866 1453 3950 bonis
1489 3866 1821 3952 gaudebit,
1868 3863 2240 3952 Capitulum
2273 3860 2524 3944 eodem,

132 3984 199 4025 ac
231 3964 737 4031 Hildesimense·
757 3966 1235 4055 Capitularium
1251 4021 1270 4052 ,
1318 3978 1384 4035 et
1422 3968 1832 4033 Vicariorum
1874 3987 2144 4031 numero
2193 3964 2526 4046 constabit,

134 4085 447 4150 paresque
508 4067 801 4134 redditus
864 4071 1057 4135 annui
1112 4071 1357 4135 eisdem
1398 4070 1763 4157 respective
1805 4066 2339 4151 assignabuntur3
2405 4085 2529 4131 nec

135 4185 255 4228 non
294 4165 673 4254 Episcopali
699 4168 1061 4235 Seminario
1112 4193 1187 4235 ea
1232 4171 1608 4236 reddituum
1649 4190 1858 4233 annua
1901 4189 2147 4231 summa
2186 4166 2522 4246 tribuetur,

135 4284 285 4347 quae
328 4267 841 4353 necessitatibuS,
889 4281 954 4336 et
995 4272 1250 4338 utilitati
1292 4272 1634 4338 Dioecesis
1675 4268 1886 4333 valeat
1929 4266 2382 4355 respondere.⁸

290 4365 433 4451 (X.)
504 4370 853 4457 ‘Quamdiu
916 4382 1132 4437 autem
1188 4372 1616 4462 Episcopatus
1685 4367 2210 4453 Osnabrugensis
2277 4365 2518 4431 dotatio

134 4486 439 4554 suspensa
486 4472 767 4536 manebit
783 4521 803 4556 ,
868 4472 1237 4561 Episcopali
1280 4473 1546 4539 Mensae
1595 4468 2062 4537 Hildesimensi
2103 4476 2523 4553 augmentum
