2959 4984
606 304 827 357 XLVII.
900 302 1395 359 CONCORDATA
1436 304 1840 359 AUSTRIAOA
1880 308 1944 359 A.
1978 300 2136 358 1855.
2464 299 2572 361 286

146 476 218 533 et
256 468 425 557 ipsis
466 467 1001 557 Archiepiscopis
1044 489 1160 533 seu
1200 468 1545 557 Episcopis
1589 476 1656 533 et
1701 467 1897 535 Glero
1965 492 2345 556 quacunque
2383 493 2564 537 occa-

144 567 338 633 sione
400 568 835 633 reverentiam
896 577 1091 653 atque
1130 568 1449 633 honorem
1498 590 1722 633 eorum
1767 568 2069 655 dignitati
2115 571 2406 636 debitum
2449 591 2563 636 ex·

140 670 439 735 hibeant.

321 770 472 834 Art.
519 768 743 833 XVII.
830 766 1193 834 Seminaria
1245 768 1639 857 episcopalia
1695 770 2280 853 conservabuntur,
2345 778 2412 835 et
2448 769 2562 837 ubi

150 870 403 935 dotatio
468 891 695 934 eorum
748 869 925 934 haud
982 869 1177 956 plene
1233 868 1512 933 sufficiat
1569 869 1721 952 fini,
1785 869 1887 933 cui
1933 868 2016 934 ad
2065 878 2352 935 mentem
2397 870 2560 935 sacri

146 970 431 1037 Concilii
454 968 821 1035 Tridentini
858 968 1179 1033 inser-vire
1211 969 1469 1051 debent,
1514 969 1640 1056 ipsi
1671 966 2008 1056 augendae
2039 991 2330 1055 congruo
2361 970 2556 1036 modo

146 1065 627 1157 providebitur.
675 1065 1020 1132 Praesules
1064 1067 1431 1133 dioecesani
1472 1067 1704 1133 eadem
1738 1069 1931 1153 juxta
1973 1091 2302 1135 sacrorum
2347 1067 2555 1136 Cano·

141 1192 308 1234 num
365 1189 658 1232 normam
713 1167 915 1254 pleno
972 1174 1037 1231 et
1090 1167 1303 1233 libero
1352 1167 1505 1254 jure
1547 1170 2006 1253 gubernabunt
2049 1177 2114 1235 et
2155 1169 2558 1235 administra-

90 1310 95 1312 ·
144 1272 331 1337 bunt.
376 1266 593 1355 Igitur
632 1266 1115 1353 praedictorum
1156 1266 1670 1334 Seminaridrum
1707 1276 1997 1333 rectores
2039 1278 2106 1339 et
2145 1270 2552 1358 professores

148 1394 267 1436 seu
326 1369 679 1455 magistros
744 1356 1199 1449 nominabunt,
1269 1377 1335 1431 et
1396 1368 1906 1453 quotiescunque
1965 1371 2402 1437 necessarium
2445 1382 2556 1437 aut

152 1471 317 1536 utile
364 1470 447 1535 ab
486 1468 645 1555 ipsis
692 1468 1095 1550 censebitur,
1148 1470 1596 1533 removebunt.
1686 1467 2164 1535 Adolescentes
2211 1480 2278 1535 et
2312 1495 2556 1560 pueros

144 1572 213 1637 in
252 1572 335 1636 iis
383 1565 817 1647 efformandos
860 1567 1199 1655 recipient,
1238 1577 1435 1655 prout
1468 1568 1898 1634 Dioecesibus
1924 1569 2074 1639 ,suis
2125 1573 2502 1660 expedire
2481 1598 2551 1639 111

144 1672 435 1738 Domino
472 1670 924 1758 judicaverint.
974 1673 1127 1755 Qui‘
1148 1674 1378 1739 studiis
1420 1675 1490 1739 in
1516 1673 1896 1741 Seminariis
1937 1676 2117 1740 hisce
2160 1672 2551 1756 vacaverint,

145 1774 228 1837 ad
273 1773 532 1837 scholas
576 1770 741 1836 alius
779 1773 1214 1858 cujuscunque
1252 1774 1527 1839 instituti
1562 1776 1824 1865 praevio
1853 1775 2220 1841 idoneitatis
2249 1774 2547 1839 examine

140 1871 403 1937 admitti
465 1892 589 1936 nec
649 1894 803 1941 non,
828 1872 1098 1937 servatis
1144 1873 1477 1939 servandis
1520 1898 1641 1964 pro
1689 1876 1976 1961 qualibet
2019 1884 2204 1942 extra
2249 1873 2544 1941 Semina-

138 1973 314 2039 rium
360 1971 669 2036 cathedra
712 1984 1098 2037 concurrere
1137 1982 1465 2061 poterunt.

270 2120 277 2125 -
312 2072 465 2138 Art.
508 2071 766 2137 XVIH.
854 2070 1093 2138 Sancta
1118 2070 1374 2157 SedeS,'
1394 2074 1663 2162 proprio
1693 2084 1884 2141 utens
1910 2075 2080 2160 jure,
2123 2098 2322 2141 novas
2351 2075 2552 2141 Dioe-

140 2195 331 2239 ceses
378 2172 591 2259 eriget
630 2194 706 2236 ac
743 2193 945 2265 novas
992 2173 1346 2238 earundem
1389 2185 1667 2263 peraget
1710 2175 2358 2263 circumscriptioneS,
2405 2198 2554 2239 cum

136 2275 211 2339 id
274 2273 613 2361 spirituale
675 2271 969 2336 fidelium
1010 2274 1255 2339 bonum
1297 2276 1739 2362 postulaverit.
1782 2276 2252 2341 Verumtamen
2293 2273 2552 2358 quando

138 2372 211 2437 id
255 2370 629 2457 contigerit,
683 2394 830 2435 cum
876 2370 1213 2439 Gubernio
1258 2366 1597 2463 Iniperiali
1641 2373 1904 2441 consilia
1943 2374 2252 2439 conferet.

312 2472 467 2537 Art.
509 2468 698 2535 XIX.
784 2470 1086 2558 Majestas
1134 2470 1269 2538 Sua
1311 2471 1630 2539 Caesarea
1669 2474 1740 2540 in
1783 2473 2141 2561 seligendis
2183 2470 2545 2561 Episcopis,

144 2595 309 2659 quos
358 2572 593 2658 vigore
637 2571 967 2659 privilegii
1012 2571 1378 2659 Apostolici
1424 2598 1461 2639 a
1506 2570 1952 2641 Serenissimis
1999 2571 2544 2638 Antecessoribus

141 2671 301 2739 Suis
360 2671 446 2736 ad
498 2671 720 2760 Ipsam
794 2671 1086 2737 devoluti
1150 2696 1187 2736 a
1228 2671 1471 2739 Sancta
1513 2673 1694 2741 Sede
1745 2673 2060 2758 ,canonice
2115 2670 2551 2737 instituendos

140 2780 525 2863 praesentat
562 2794 677 2836 seu
715 2770 1023 2855 nominat,
1059 2772 1485 2859 imposterum
1531 2796 1788 2860 quoque
1822 2773 2208 2840 Antistitum
2229 2770 2548 2861 imprimis

142 2871 792 2961 comprovincialium
836 2871 1104 2937 consilio
1146 2882 1383 2939 utetur.

316 2972 468 3037 Art.
510 2971 663 3037 XX.
747 2971 1202 3059 Metropolitae
1244 2997 1319 3038 ac
1358 2973 1687 3062 Episcopi,
1734 2985 2076 3060 antequam
2115 2974 2553 3041 Ecclesiamm

143 3096 413 3139 suarum
456 3072 895 3159 gubernacula
941 3073 1327 3162 suscipiant,
1379 3096 1597 3139 coram
1642 3075 1960 3141 Caesarea
2001 3074 2128 3160 Maj
2139 3083 2342 3140 estate
2384 3072 2548 3138 fide-

140 3173 346 3239 litatis
370 3174 813 3259 juramentum
850 3172 1145 3237 emittent
1172 3174 1594 3259 sequentibus
1623 3176 1842 3241 verbis
1883 3197 2306 3263 expressum:
2353 3172 2541 3259 „Ego

132 3275 289 3360 juro
336 3282 403 3339 et
440 3273 747 3361 promitto
790 3272 873 3336 ad
922 3270 1161 3338 Sancta
1201 3274 1333 3341 Dei
1373 3274 1775 3361 Evangelia,
1834 3275 2002 3340 sicu-t
2047 3275 2236 3341 decet
2273 3273 2542 3364 Episco-

139 3398 339 3462 pum,
405 3372 839 3440 obedientiam
904 3380 971 3437 et
1034 3372 1417 3447 fidelitatem
1478 3373 2078 3463 Caesareo-Regiae
2121 3375 2544 3464 Apostolicae

144 3473 479 3559 Majestati
523 3482 589 3538 et
632 3471 1132 3541 Successoribus
1172 3472 1363 3557 Suis3
1400 3475 1554 3559 juro
1597 3476 1754 3542 item
1797 3486 1864 3542 et
1899 3477 2227 3565 promitte,
2267 3498 2373 3542 me
2407 3475 2552 3541 nul·

138 3575 277 3640 lam
324 3572 969 3639 communicationem
1007 3571 1376 3640 habiturum
1420 3576 1714 3661 nullique
1755 3578 2022 3643 oonsilio
2067 3578 2548 3661 interfuturum,

142 3672 329 3759 quod
350 3672 800 3759 tranquillitati.
828 3672 1127 3761 publicae
1158 3684 1408 3759 noceat,
1436 3676 1813 3763 nullamque
1845 3686 2207 3765 suspectam
2233 3677 2542 3743 unionem

140 3794 365 3859 neque
422 3772 590 3838 intra
644 3796 859 3859 neque
906 3783 1091 3840 extra
1134 3774 1398 3864 Imperii
1442 3776 1682 3842 limites
1727 3786 2250 3844 conservaturum
2268 3825 2289 3859 ,
2349 3784 2544 3860 atque

138 3874 197 3939 si
242 3871 584 3962 publicum
626 3871 891 3960 aliquod
924 3874 1291 3963 periculum
1322 3876 1664 3945 imminere
1691 3875 2086 3961 resciverm,
2129 3898 2235 3942 me
2267 3876 2350 3941 ad
2379 3875 2547 3942 illud

138 3975 577 4040 avertendum
618 3970 783 4039 nihil
827 3971 1276 4041 omissurum.“

309 4074 460 4141 Art.
503 4074 692 4141 XXI.
748 4073 830 4141 Iu
870 4074 1114 4141 cunctis
1156 4073 1424 4166 Imperii
1460 4074 1752 4167 partibus
1793 4075 2345 4170 Archiepiscopis,
2385 4080 2542 4172 Epi-

140 4174 362 4264 scopis
406 4184 474 4240 et
510 4174 667 4239 viris
716 4174 1166 4241 ecclesiasticis
1211 4177 1509 4243 omnibus
1545 4178 1824 4245 liberum
1867 4180 2022 4263 erit,
2069 4181 2152 4246 de
2195 4182 2333 4266 his,
2378 4205 2543 4269 quae

138 4274 368 4341 mortis
426 4282 725 4362 tempore
782 4274 1075 4345 relicturi
1114 4276 1276 4361 sint,
1343 4276 1692 4367 disponere
1732 4281 1925 4366 juxta
1963 4303 2180 4347 sacros
2227 4280 2548 4371 Canones,

142 4396 430 4461 quorum
486 4374 1029 4464 praescriptiones
1092 4386 1161 4443 et
1196 4401 1233 4443 a
1275 4377 1586 4464 legitimis
1627 4400 1853 4445 eorum
1887 4381 2281 4450 haeredibus
2319 4387 2400 4453 ab
2445 4387 2542 4453 in—

138 4485 379 4546 testato
420 4476 819 4545 successuris
858 4476 1210 4565 diligenter
1248 4480 1692 4545 observandae
1737 4489 1942 4547 erunt.
1987 4480 2288 4577 Utroque
2327 4490 2545 4561 tamen
