2959 4984
418 326 529 383 260
700 328 999 381 xxxvm.
1070 328 1315 381 BtJLLA
1358 326 1498 379 PRO
1539 327 1786 380 REGNO
1827 326 2230 380 BORUSSICO
2271 332 2333 380 A.
2377 328 2535 383 1821.

422 494 765 582 Iosephus,
806 516 997 579 quam
1034 516 1315 583 persona
1329 544 1349 577 ,
1410 495 1520 559 vel
1560 516 1879 583 personae
1935 496 2013 559 ab
2067 516 2144 560 eo
2185 496 2278 559 sic
2321 494 2819 582 subdeleganda,

416 595 528 659 vel
568 594 1097 681 subdelegandae
1160 616 1357 683 super
1400 616 1808 679 quacumque
1851 594 2260 684 oppositione
2283 645 2303 679 ,
2377 597 2444 660 in
2484 606 2634 661 actu
2679 619 2816 662 exe-

418 694 691 761 cutionis
733 695 1103 761 huiusmodi
1146 695 1636 780 quomodolibet
1673 696 1890 759 forsan
1935 695 2212 777 oritura,
2289 697 2560 761 servatis
2609 706 2813 761 tamen

416 795 489 863 in
534 795 675 861 iure
716 795 1073 877 servandis,
1132 795 1323 859 etiam
1368 794 1700 859 definitive
1721 844 1741 877 ,
1802 803 1867 858 et
1912 816 2318 881 quacumque
2385 798 2812 883 appellatione

418 905 665 961 remota
706 895 1135 983 pronunciare
1180 894 1387 961 libere
1430 894 1608 977 item,
1654 918 1726 959 ac
1772 894 1948 958 licite
1988 896 2271 982 possint,
2321 906 2386 961 et
2426 899 2712 981 valeant,
2749 921 2814 961 ac

426 997 697 1082 quilibet
741 1018 967 1061 eorum
1010 994 1379 1082 respective
1422 994 1627 1081 possit
1665 1003 1730 1058 et
1769 994 2000 1059 valeat.

591 1094 789 1181 (LX.)
877 1094 1115 1161 Eidem
1156 1116 1315 1160 vero
1359 1092 1644 1183 Iosepho
1689 1093 2018 1181 Episcopo
2067 1114 2379 1183 expresse
2421 1096 2813 1181 iniungimus

412 1220 489 1263 ac
532 1196 927 1279 mandamuS,
966 1204 1040 1260 ut
1078 1194 1379 1282 exempla
1424 1193 1830 1279 singulorum
1864 1203 2151 1258 actorum
2175 1204 2304 1259 tam
2335 1219 2456 1284 per
2492 1218 2584 1280 se,
2631 1220 2810 1282 quam

412 1320 533 1386 per
574 1300 652 1363 ab
698 1320 775 1362 eo
820 1294 1303 1380 Subdelegatos
1349 1294 1417 1358 in
1470 1292 1909 1380 praesentium
1949 1292 2315 1358 Literarum
2361 1296 2808 1361 executionem

412 1397 963 1463 conficiendorum
1000 1395 1167 1461 intra
1214 1392 1705 1477 Quadrimestre
1766 1395 1846 1458 ab
1909 1393 2172 1481 expleta
2227 1394 2517 1482 ipsarum
2579 1418 2805 1461 execu—

416 1498 592 1563 tione
660 1496 743 1561 ad
798 1496 964 1561 hanc
1009 1494 1457 1583 Apostolicam
1501 1490 1748 1559 Sedem
1805 1493 1871 1557 in
1921 1493 2290 1558 authentica
2353 1496 2564 1561 forma
2619 1506 2812 1561 trans·

412 1601 621 1665 mittat
660 1599 729 1663 in
772 1597 1083 1663 Archivio
1142 1594 1690 1681 Congregationis
1745 1597 1940 1661 rebus
1987 1593 2558 1661 Consistorialibus
2621 1619 2798 1685 prae-

414 1700 663 1789 positae
714 1698 797 1763 de
844 1718 1025 1762 more
1068 1694 1475 1761 asservanda.

584 1798 817 1885 (LXI.)
857 1797 1245 1862 Praesentes
1289 1804 1503 1860 autem
1533 1794 1806 1879 Literas,
1849 1804 1915 1859 et
1954 1795 2022 1859 in
2065 1796 2156 1861 eis
2207 1803 2528 1879 contenta,
2573 1821 2648 1861 ac
2689 1806 2804 1861 sta·

414 1910 553 1968 tuta
596 1918 1079 1985 quaecumque,
1122 1896 1315 1962 etiam
1360 1918 1445 1961 ex
1491 1918 1568 1961 eo
1615 1896 1790 1979 quod
1833 1895 2106 1980 quilibet
2139 1895 2210 1959 in
2250 1897 2658 1983 praemissis,
2703 1898 2804 1961 vel

411 2000 481 2065 in
530 2022 755 2065 corum
800 2000 1013 2085 aliquo
1052 2000 1191 2082 ius,
1235 2007 1347 2063 aut
1390 1998 1710 2062 interesse
1753 1984 2066 2062 habentes
2089 2046 2108 2079 ,
2168 1998 2278 2061 vel
2321 1998 2804 2081 quomodolibet

356 2170 365 2175 ,
416 2101 607 2165 etiam
648 2100 719 2166 in
760 2101 1049 2166 futurum
1088 2100 1329 2165 habere
1372 2096 1874 2187 praetendentes
1925 2098 2206 2161 cuiusvis
2257 2107 2456 2163 status
2478 2149 2497 2182 ,
2549 2100 2802 2184 ordiniS,

410 2200 817 2283 conditionis,
869 2209 935 2265 et
975 2199 1559 2289 praeeminentiae,
1615 2220 1690 2261 ac
1735 2196 1930 2261 etiam
1972 2196 2306 2285 specifica,
2357 2219 2701 2286 expressa,
2745 2210 2805 2264 et

412 2300 747 2367 individua
788 2301 1120 2366 mentione
1172 2298 1355 2385 digni
1402 2308 1570 2379 sunt,
1613 2296 1744 2361 illis
1785 2318 1920 2361 non
1963 2297 2424 2382 consenserint,
2473 2322 2590 2365 seu
2635 2300 2796 2385 quod

413 2402 611 2487 aliqui
653 2424 738 2467 ex
766 2402 925 2490 ipsis
970 2400 1051 2466 ad
1096 2398 1449 2489 praemissa
1473 2396 1738 2461 minime
1767 2396 2000 2479 vocati,
2043 2398 2152 2462 vel
2195 2398 2383 2462 etiam
2429 2398 2798 2481 nullimodO,

410 2512 523 2567 aut
567 2524 699 2568 non
742 2502 893 2567 satis
936 2501 1135 2567 auditi
1178 2499 1452 2580 fuerint,
1521 2498 1658 2562 sive
1717 2518 1803 2560 ex
1845 2497 1970 2561 alia
2011 2497 2296 2582 qualibet
2335 2498 2531 2563 etiam
2578 2500 2793 2564 laesio-

409 2604 531 2687 nis,
572 2604 681 2668 vel
721 2603 843 2667 alia
886 2601 1159 2667 iuridica
1199 2598 1649 2687 privilegiata,
1690 2620 1764 2661 ac
1809 2597 2401 2684 privilegiatissima
2445 2622 2657 2683 causa,
2703 2622 2793 2665 co-

407 2704 584 2785 lore,
634 2711 1014 2791 praetextu,
1077 2708 1141 2765 et
1180 2698 1387 2787 capite
1433 2698 1627 2762 etiam
1671 2696 1740 2761 in
1786 2719 2056 2785 corpore
2101 2697 2257 2762 iuris
2305 2699 2564 2783 clause,
2625 2700 2792 2765 nullo

407 2824 693 2888 unquam
733 2812 1026 2889 tempore
1069 2800 1152 2864 de
1198 2797 1663 2886 subreptionis,
1707 2797 1816 2861 vel
1865 2798 2262 2885 obreptionis
2279 2848 2299 2881 ,
2343 2808 2456 2862 aut
2496 2801 2794 2865 nullitatis

410 2902 603 2984 vitio,
642 2922 759 2966 seu
808 2900 1183 2965 intentionis
1220 2897 1534 2980 Nostrae,
1597 2898 1704 2961 vel
1747 2892 2070 2962 ‘interesse
2113 2898 2490 2992 habentium
2539 2922 2794 2965 consen·

410 3026 554 3083 suS,
618 3001 827 3066 aliove
883 3000 1175 3084 quolibet
1231 2998 1490 3063 defectu
1541 2998 1950 3082 quantumvis
2007 3020 2281 3083 magne,
2347 2999 2796 3085 inexcogitato,

410 3100 832 3183 substantiali,
878 3124 952 3165 ac
995 3098 1615 3181 substantialissimo,
1659 3098 1794 3163 sive
1829 3098 2022 3163 etiam
2063 3120 2149 3162 ex
2192 3119 2270 3163 eo
2303 3092 2480 3182 quod
2521 3099 2594 3163 in
2621 3122 2791 3186 prae·

404 3200 617 3267 missis
662 3198 1143 3282 SolemnitateS,
1188 3208 1254 3263 et
1294 3219 1738 3283 quaecumque
1771 3198 1897 3263 alia
1939 3199 2156 3263 forsan
2193 3199 2534 3282 servanda,
2590 3209 2656 3263 et
2693 3198 2792 3263 ad·

407 3300 777 3389 implenda,
840 3300 1103 3368 minime
1148 3308 1434 3381 servata,
1509 3308 1576 3363 et
1619 3298 2008 3385 adimpleta,
2078 3322 2194 3363 seu
2257 3320 2484 3365 causae
2532 3308 2790 3387 propter

414 3423 577 3503 quas
616 3411 991 3490 praesentes
1034 3400 1473 3466 emanaverint
1511 3422 1645 3463 non
1693 3399 2091 3464 sufficienter
2134 3398 2471 3481 adductae,
2519 3400 2794 3463 verifica·

408 3513 532 3585 tae,
578 3511 645 3567 et
684 3502 1067 3567 iustificatae
1102 3500 1377 3582 fuerint,
1422 3499 1650 3581 notari,
1693 3498 2107 3586 impugnari,
2166 3509 2277 3563 aut
2316 3498 2473 3564 alias
2518 3499 2789 3583 infringi,

410 3603 755 3691 suspendi,
815 3601 1162 3686 restringi,
1218 3600 1516 3682 limitari,
1572 3600 1679 3663 vel
1721 3598 1788 3663 in
1833 3598 2334 3663 controversiam
2375 3600 2632 3679 vocari,
2693 3619 2791 3661 seu

404 3702 713 3769 adversus
758 3724 863 3767 eas
904 3701 1329 3767 restitutionis
1372 3701 1440 3765 in
1479 3648 1832 3785 integrum,
1866 3699 2238 3786 aperitionis
2285 3698 2436 3782 oriS,
2479 3709 2591 3763 aut
2631 3696 2788 3762 aliud

404 3804 859 3889 quodcumque
898 3802 1112 3886 Iuris,
1154 3800 1339 3884 facti,
1368 3801 1492 3865 vel
1531 3800 1813 3865 iustitiae
1851 3799 2216 3864 remedium
2257 3798 2627 3887 impetrari,
2695 3803 2789 3860 aut

407 3908 527 3971 sub
570 3904 899 3989 quibusvis
940 3903 1271 3967 contrariis
1316 3900 1906 3983 constitutionibus,
1949 3898 2488 3980 revocationibuS,
2536 3918 2785 3984 suspen·

402 4006 710 4089 sionibus,
748 4002 1255 4087 limitationibus,
1299 4002 1598 4085 decretis,
1647 4010 1758 4066 aut
1791 3999 2352 4081 declarationibuS,
2384 3998 2784 4083 generalibus

402 4106 510 4171 vel
553 4105 937 4194 specialibus
984 4104 1473 4189 quomodolibet
1513 4102 1696 4166 factis
1767 4100 2032 4165 minime
2077 4120 2272 4187 posse
2313 4095 2781 4187 comprehendi,

404 4205 523 4269 sed
566 4226 827 4293 semper
872 4206 951 4269 ab
994 4204 1126 4268 illis
1170 4212 1471 4291 exceptas
1518 4222 1680 4281 esse,
1729 4208 1794 4265 et
1835 4200 1995 4283 fore,
2042 4223 2116 4264 ac
2145 4208 2468 4283 tamquam
2515 4220 2602 4263 ex
2631 4197 2780 4260 Pon·

404 4305 639 4371 tificiae
681 4304 1137 4373 Providentiae
1187 4303 1425 4371 Officio
1476 4312 1648 4368 certa
1687 4302 1955 4367 scientia
1975 4348 1994 4383 ,
2041 4310 2108 4365 et
2146 4298 2480 4388 potestatis
2525 4296 2781 4386 plenitu—

404 4406 555 4469 dine
598 4405 857 4471 Nostris
905 4406 1102 4469 factas
1126 4452 1147 4487 ,
1209 4414 1273 4468 et
1306 4412 1627 4469 emanatas
1649 4452 1670 4486 ,
1735 4402 2106 4467 omnimodo
2138 4399 2441 4464 firmitate
2488 4406 2784 4486 perpetuo

404 4502 669 4585 validas,
716 4512 783 4567 et
825 4504 1117 4568 efficaces
1160 4504 1463 4585 existere,
1513 4512 1580 4567 et
1616 4503 1796 4584 fore,
1842 4522 2122 4587 suosque
2164 4498 2494 4588 plenarios
2541 4508 2606 4562 et
2642 4498 2786 4562 inte-
