2959 4984
382 293 490 351 582
762 297 872 348 XC.
952 293 1676 349 CONST.D1³;1U010ns
1716 293 2115 349 nummos.
2157 291 2416 348 A.1741.

384 463 590 552 ipsius
634 463 887 531 Causae
928 459 1173 531 Judice
1218 461 1277 526 ei
1326 461 1783 546 constituatur,
1829 469 1896 526 et
1939 463 2018 527 ab
2061 481 2138 526 ea
2177 460 2412 544 Parte,
2455 483 2614 547 quae
2651 485 2763 551 pro

390 563 724 630 validitate
764 561 1163 629 Matrimonii
1208 561 1365 648 agit,
1414 561 1467 626 si
1513 561 1640 648 ipsi
1681 561 1951 628 facultas
1999 561 2100 644 sit,
2148 563 2470 644 solvatur3
2531 561 2632 628 sin
2668 562 2771 626 mi

381 689 537 748 nus,
600 689 639 730 a
675 663 920 732 Judice
964 661 1242 751 primae,
1306 662 1414 726 vel
1464 661 1828 744 secundae,
1869 663 1978 726 vel
2021 661 2253 726 tertiae
2301 661 2640 726 instantiae
2674 683 2768 726 re-

384 765 674 854 spective
720 761 1333 846 subministrabitur,
1382 761 1493 846 qui
1542 762 1856 850 pecunias
1898 783 1986 828 ex
2027 759 2290 826 mulctis
2335 782 2600 826 suorum
2637 761 2776 826 Tri-

390 865 721 934 bunalium
766 863 1065 930 redactas
1079 914 1098 946 ‚
1144 862 1253 926 vel
1300 861 1728 948 redigendas,
1779 872 1844 926 et
1889 861 1959 927 in
2003 883 2204 950 opera
2245 861 2355 948 pia
2397 861 2778 948 erogandaS,

390 968 461 1034 in
518 963 891 1052 hujusmodi
948 973 1240 1049 sumptus
1296 962 1625 1028 insumere
1681 965 2010 1050 poterunt.
2097 960 2266 1028 Cum
2309 983 2472 1026 vero
2513 961 2780 1030 ,Iudices

386 1067 852 1149 causaejerunt
905 1062 1179 1131 Judices
1224 1061 1710 1146 commissarii,
1755 1063 1864 1146 qui
1905 1083 2121 1148 neque
2161 1063 2378 1126 forum
2421 1062 2678 1146 habent,
2719 1071 2786 1126 et

387 1175 867 1252 consequenter
924 1183 1140 1248 neque
1184 1163 1532 1250 pecuniam
1579 1185 1667 1228 ex
1709 1162 1968 1228 mulctis
2015 1163 2402 1247 collectam,
2465 1163 2783 1243 volumuS,

384 1291 460 1333 ac
506 1266 906 1350 mandamus,
948 1275 1019 1329 ut
1044 1265 1397 1332 Defensori
1424 1263 1825 1330 Matrimonii
1867 1264 2140 1328 satisfiat
2181 1283 2270 1328 ex
2309 1263 2591 1351 pecunia
2625 1263 2782 1326 mul-

388 1377 639 1432 etarum
682 1366 857 1430 illius
904 1363 1248 1454 Episcopi,
1296 1363 1367 1429 in
1412 1366 1598 1451 cujus
1639 1363 1950 1430 Dioecesi
1991 1363 2220 1430 Judex
2263 1361 2783 1444 Commissarius,

380 1467 574 1552 juxta
618 1465 813 1533 Sedis
853 1464 1281 1552 Apostolicae
1324 1464 1720 1548 mandatum,
1757 1463 2077 1550 Judicium
2121 1463 2479 1529 exercebit.

554 1567 615 1648 ξ.
664 1567 761 1632 13.
846 1563 1185 1630 Hactenus
1228 1565 1492 1650 quidem
1537 1565 1750 1650 quoad
1781 1563 2024 1630 Causas
2047 1563 2583 1647 Matrimoniales,
2625 1583 2786 1647 quae

390 1674 579 1732 extra
590 1666 953 1731 Romanam
988 1661 1254 1729 Curiam
1281 1671 1802 1752 pertractantur:
1850 1663 2084 1746 Quoad
2111 1663 2355 1729 Causas
2397 1684 2583 1745 vero,
2627 1683 2792 1748 quae

388 1765 637 1832 Romae
683 1765 1143 1852 disceptandae
1190 1775 1361 1849 sunt,
1404 1787 1554 1828 cum
1601 1785 1823 1828 earum
1861 1763 2152 1850 cognitio
2195 1763 2266 1830 in
2309 1761 2522 1850 prima
2553 1763 2792 1828 instan-

386 1866 479 1931 tia
536 1865 617 1930 ad
666 1864 738 1932 S.
782 1865 859 1930 R.
904 1863 984 1930 E.
1032 1862 1447 1930 Cardinalem
1491 1865 1562 1929 in
1603 1867 1898 1952 praefata
1945 1863 2166 1948 Urbe,
2227 1865 2501 1948 ejusque
2545 1862 2792 1931 Subur-

389 1963 549 2050 biis,
620 1974 685 2030 et
728 1963 1051 2032 Districtu
1094 1965 1431 2032 Vicarium
1487 1975 1785 2032 nostrum
1829 1965 1899 2030 in
1944 1964 2406 2053 Spiritualibus
2453 1986 2575 2052 pro
2621 1973 2788 2028 tem-

390 2087 554 2152 pore
598 2074 881 2154 spectet3
930 2065 1329 2151 mandamus,
1370 2089 1445 2131 ac
1462 2067 1794 2154 jubemuS‚
1835 2076 1908 2131 ut
1936 2065 2174 2148 omnia,
2211 2075 2280 2130 et
2308 2065 2592 2151 singula,
2630 2087 2794 2150 quae

390 2165 459 2230 in
500 2165 642 2231 aliis
684 2165 893 2231 causis
938 2175 1125 2232 extra
1166 2167 1523 2232 Romanam
1569 2167 1835 2234 Curiam
1869 2165 2343 2256 pertractandis
2389 2165 2798 2253 praescripta

386 2265 669 2350 fuerunt,
711 2287 953 2354 nempe
1002 2277 1073 2331 ut
1112 2265 1433 2353 judicium
1472 2277 1852 2356 peragatur,
1897 2267 2116 2352 citat0,
2161 2277 2226 2332 et
2275 2263 2498 2330 audito
2541 2265 2794 2331 Defen-

389 2389 537 2432 sore
578 2365 977 2433 Matrimonii
1022 2369 1104 2432 ab
1150 2367 1383 2432 eodem
1428 2365 1762 2434 Cardinali
1801 2367 2072 2432 Vicario
2119 2367 2432 2454 deputato
2449 2415 2470 2448 ,
2519 2365 2797 2449 aliaque,

386 2476 459 2532 ut
502 2489 734 2554 supra,
800 2467 1063 2533 omnino
1114 2478 1492 2533 serventur:
1567 2467 1736 2533 Tum
1779 2469 1975 2534 etiam
2020 2467 2091 2534 in
2131 2467 2276 2532 aliis
2319 2465 2563 2548 causis,
2627 2485 2798 2550 quae

389 2566 461 2630 in
503 2567 712 2654 prima
752 2566 1088 2649 instantia,
1146 2589 1233 2631 ex
1274 2589 1598 2633 consensu
1640 2567 1929 2632 Partium
1949 2616 1968 2650 ,
2033 2567 2143 2630 vel
2185 2567 2256 2632 in
2300 2565 2587 2630 secunda
2605 2615 2624 2648 ,
2669 2584 2796 2650 per

390 2665 895 2752 appellationem
941 2665 1024 2731 ad
1069 2665 1315 2735 Sedem
1361 2667 1838 2756 Apostolicam,
1883 2667 2122 2732 omisso
2167 2667 2404 2750 medio,
2446 2665 2794 2752 interposi-

392 2775 544 2849 tam,
584 2767 695 2831 vel
738 2765 807 2831 in
850 2767 1065 2848 tertia,
1103 2765 1373 2832 Romam
1420 2767 1844 2850 deferuntur3
1892 2789 2048 2852 quas
2092 2789 2318 2832 omnes
2356 2765 2639 2852 judicari
2678 2787 2796 2830 vo-

390 2866 627 2952 lumuS,
668 2866 777 2930 vel
815 2865 884 2929 in
924 2865 1457 2954 Congregatione
1501 2865 1572 2933 S.
1616 2867 1694 2934 R.
1741 2867 1819 2935 E.
1859 2866 2305 2934 Cardinalium
2348 2886 2548 2954 super
2589 2865 2793 2931 inter-

391 2965 857 3054 terpretatione
873 3014 892 3046 ‚
960 2976 1027 3030 et
1070 2967 1454 3032 executione
1503 2965 1787 3033 Co'ncili'i
1825 2967 2195 3034 Tridentini
2223 3017 2243 3050 ,
2311 2967 2423 3031 vel
2461 2967 2531 3030 in
2569 2989 2794 3032 causa—

393 3089 541 3131 rum
566 3064 799 3130 Palatii
838 3065 1042 3130 nostri
1087 3065 1457 3151 AuditoriO,
1497 3068 1850 3133 dummodo
1894 3067 2101 3134 Nobis
2118 3116 2138 3149 ,
2185 3076 2254 3131 et
2285 3067 2580 3132 Romano
2625 3065 2798 3132 Pon-

398 3164 563 3230 tifici
605 3185 727 3253 pro
764 3173 1063 3254 tempore
1099 3166 1294 3251 justis
1338 3189 1425 3232 ex
1446 3167 1653 3232 causis
1696 3191 1828 3233 non
1867 3167 2164 3232 videatur
2190 3167 2600 3254 particularis
2625 3164 2800 3232 Gon·

398 3266 697 3353 gregatio
746 3264 818 3331 S.
856 3265 937 3332 R.
980 3265 1058 3332 E.
1106 3263 1550 3332 Cardinalium
1571 3317 1590 3352 ,
1657 3269 1764 3333 vel
1803 3269 2135 3335 Romanae
2183 3265 2418 3332 Curiae
2463 3265 2800 3331 Praelato-

395 3387 543 3430 rum
582 3365 974 3454 deputanda.
1060 3365 1231 3432 Cum
1288 3376 1502 3432 autem
1549 3391 1742 3433 causa
1800 3389 1999 3456 super
2042 3365 2438 3432 matrimonii
2501 3365 2802 3432 nullitate

402 3465 754 3552 agitabitur
813 3466 881 3530 in
940 3467 1111 3530 dicta
1172 3465 1710 3554 Congregatione
1774 3468 1854 3535 S.·
1890 3470 1967 3535 R.
2009 3468 2084 3535 E.
2139 3467 2583 3534 Cardinalium
2627 3465 2799 3533 Con-

400 3566 531 3631 cilii
572 3565 870 3631 Tridenti
893 3567 1354 3654 Interpretum,
1397 3568 1728 3634 Defensor
1747 3569 2144 3635 Matrimonii
2185 3592 2222 3634 a
2244 3567 2578 3634 Cardinali
2606 3567 2800 3632 Prae-

400 3668 574 3730 fecto
640 3667 935 3751 ejusdem
976 3663 1526 3754 Congregationis
1557 3717 1576 3750 ,
1637 3669 1691 3732 si
1739 3691 1896 3734 vero
1943 3669 2012 3733 in
2055 3667 2292 3734 Palatii
2344 3666 2553 3731 nostri
2593 3666 2799 3732 Audi-

400 3766 612 3848 torio,
676 3769 757 3831 ab
800 3765 1127 3831 Auditore
1191 3768 1459 3832 Decano
1524 3767 1796 3856 praefati
1845 3767 2220 3833 Tribunalis
2240 3816 2261 3850 ,
2327 3767 2380 3830 si
2422 3767 2690 3832 >demum
2733 3767 2802 3831 in

399 3865 933 3954 Congregatione
990 3867 1409 3953 particulari,
1470 3892 1509 3932 a
1550 3869 1839 3932 Persona
1902 3867 2199 3953 ejusdem
2241 3865 2825 3958 Congregationis

402 3966 705 4053 digniore
746 3967 1114 4056 deputetur.

568 4067 627 4144 ἓ.
671 4065 770 4130 14.
882 4065 1095 4132 Unica
1162 4065 1429 4152 quidem
1480 4067 1794 4132 resolutio
1860 4087 1982 4154 pro
2043 4065 2342 4130 nullitate
2401 4036 2798 4130 Matrimonii

368 4174 697 4230 emanata
712 4214 732 4246 ,
800 4167 853 4230 si
910 4189 1099 4230 causa
1156 4167 1224 4232 in
1272 4165 1805 4254 Congregatione
1851 4166 2294 4233 Cardinalium
2339 4164 2618 4232 Concilii
2658 4165 2798 4230 Tri-

406 4263 652 4326 dentini
698 4265 1171 4350 Interpretum,
1215 4269 1324 4331 vel
1365 4267 1432 4332 in
1476 4266 2008 4353 Congregatione
2051 4265 2430 4354 particulari
2487 4265 2798 4352 deputata

414 4371 863 4444 cognoscatur,
908 4370 975 4424 et
1016 4363 1314 4428 similiter·
1352 4365 1421 4428 in
1462 4365 1694 4430 Palatii
1737 4366 1943 4430 nostri
1990 4365 2361 4449 Auditorio,
2401 4365 2594 4429 unica
2635 4362 2798 4430 Sen-

402 4454 607 4520 tentia
652 4476 851 4540 super
887 4457 1117 4522 eadem
1158 4463 1455 4528 nullitate
1495 4465 1927 4551 pronunciata
1962 4465 2230 4557 minime
2259 4465 2542 4530 sufficiat
2567 4463 2658 4530 ad
2693 4465 2800 4529 tri-
