2959 4984
457 234 564 291 824
1007 236 1651 289 OBERRHEINISOHE
1686 235 2343 291 KIROHENPROVINZ.

461 413 653 520 caput
693 402 986 469 Ducatus
1027 402 1673 491 Hohenbcrgensis
1652 426 1723 467 1n
1766 403 1985 469 medio
2018 404 2236 491 Regni
2282 403 2839 489 Wirtembergiac,

467 504 538 569 in
601 525 728 589 quo
773 502 1086 570 Tribunal
1133 502 1515 569 Provinciae
1576 502 1829 586 existit,
1898 504 2205 589 quodque
2264 504 2511 570 incolae
2584 502 2844 589 quinque

461 603 643 669 mille
687 603 1025 690 quingenti
1071 604 1466 687 inhabitant,
1512 604 1581 668 in
1624 604 1947 669 civitatem
1990 602 2467 693 Episcopalem,
2512 604 2587 669 in
2632 602 2841 667 eadem

457 704 868 792 peramplum
883 704 1198 793 templum
1227 706 1346 769 sub
1381 703 1789 769 invocatione
1814 702 1936 771 Sti.
1960 702 2226 769 Martini
2256 703 2567 793 Episcopi
2598 712 2667 769 et
2694 701 2844 769 Con—

463 804 726 869 fessoris
769 804 838 869 in
865 803 1226 869 Ecclesiam
1257 803 1754 893 Episcopalem3
1800 826 1923 869 nec
1953 827 2086 869 non
2109 804 2543 889 Limburgum
2582 803 2668 867 ad
2696 801 2846 866 Lah—

463 926 638 987 num,
681 903 882 969 fertili
925 904 1084 987 so10,
1128 904 1196 969 in
1239 904 1457 969 medio
1492 905 1783 970 Ducatus
1826 904 2167 970 Nassovici
2200 906 2411 989 situm,
2454 914 2523 969 et
2555 904 2659 970 bis
2686 901 2846 967 mille

453 1004 906 1094 septingentos
950 1003 1286 1069 continens
1335 1004 1729 1070 habitatores
1770 1005 1839 1069 in
1876 1005 2201 1070 civitatem
2240 1004 2541 1070 similiter
2592 1002 2842 1091 Episco-
2921 1020 2922 1033 ¹

460 1104 696 1193 palem,
745 1112 812 1168 et
847 1104 918 1169 in
957 1104 1072 1169 illa
1113 1104 1400 1169 existens
1428 1102 1779 1192 Templum
1828 1106 1947 1169 sub
1990 1104 2398 1193 invocatione
2430 1101 2555 1170 Sti.
2592 1100 2849 1186 Georgii

457 1206 527 1269 in
567 1203 926 1269 Ecclesiam
971 1203 1130 1267 item
1173 1203 1632 1292 Episcopalem
1672 1226 1821 1269 cum
1880 1204 2177 1271 omnibus
2222 1204 2503 1288 iuribus,
2574 1202 2848 1269 iurisdic·

462 1304 766 1386 tionibus,
807 1302 1354 1391 praeeminentiis,
1392 1304 1768 1388 honoribuS,
1810 1314 1877 1369 et
1913 1305 2273 1393 privilegiis
2304 1301 2850 1393 Archiepiscopali

461 1413 528 1470 et
551 1403 1044 1493 Episcopalibus
1085 1405 1450 1493 respective
1498 1404 1760 1470 sedibus
1805 1405 2109 1491 legitime
2137 1397 2681 1494 competentibuS,
2718 1422 2848 1490 per·

461 1512 661 1591 petuo
709 1504 1041 1591 erigimus,
1087 1514 1152 1570 et
1195 1506 1663 1571 constituimus,
1707 1505 2107 1571 Antedictae
2140 1528 2297 1571 vero
2328 1504 2847 1593 Metropolitanac
2921 1536 2922 1541 κ

457 1601 790 1671 Ecclesiae
846 1605 1274 1692 Friburgensi
1333 1608 1657 1695 praefatas
1730 1614 2005 1691 quatuor
2061 1605 2487 1694 Episcopales
2544 1602 2847 1671 Ecclesias
2921 1602 2922 1649 ‡

459 1702 913 1789 Moguntinam
933 1755 953 1790 ,
997 1705 1441 1790 Fuldensem,
1488 1708 2125 1793 Rottenburgensem
2144 1756 2164 1791 ,
2208 1730 2283 1771 ac
2320 1705 2847 1792 Limburgcnsem

463 1801 926 1891 Suffraganeas
963 1806 1390 1892 assignamus,

628 1904 807 1992 (ΙΙΙ.)
892 1906 1100 1973 Porro
1155 1908 1496 1992 quodlibet
1534 1908 1905 1997 Capitulum
1958 1919 2090 1975 tam
2146 1907 2691 1997 Metropolitanae
2728 1901 2845 1965 Fri-

461 2003 826 2091 burgensis,
869 2028 1060 2091 quam
1107 2006 1595 2075 Cathedralium
1636 2010 2076 2075 Ecclesiamm
2114 2008 2565 2097 Moguntinae,
2612 2028 2689 2069 ac
2710 2004 2841 2070 Rot-

459 2106 919 2193 tenburgensis
965 2130 1052 2173 ex
1096 2107 1288 2173 unica
1331 2109 1703 2175 Decanatus
1753 2110 2067 2197 dignitate
2087 2160 2107 2193 ,
2172 2118 2239 2175 et
2287 2131 2408 2174 sex
2452 2100 2837 2173 Canonicati-

457 2208 578 2274 bus
605 2230 625 2271 .·
666 2205 999 2275 Fuldense
1040 2231 1198 2274 vero
1247 2232 1332 2273 ex
1380 2208 1695 2295 dignitate
1736 2211 2107 2277 Decanatus
2154 2218 2219 2274 et
2260 2216 2535 2294 quatuor
2582 2200 2838 2273 Canoni-

461 2307 744 2390 catibus;
811 2331 888 2373 ac
927 2307 1408 2395 Limburgense
1473 2330 1559 2372 ex
1599 2309 1971 2374 Decanatus
2033 2308 2347 2394 dignitate
2368 2356 2387 2390 ,
2455 2328 2533 2371 ac
2576 2304 2839 2389 quinque
2921 2366 2922 2403 ᾧ

463 2406 956 2475 Canonicatibus
1001 2410 1363 2498 respective
1419 2412 1833 2493 constabunt3
1880 2434 1953 2476 ac
1992 2410 2259 2497 insuper
2304 2404 2838 2472 ad'Ministrorum
2921 2412 2922 2433 ³

461 2530 804 2575 numerum
861 2510 1326 2595 aliquantulum
1374 2510 1747 2596 augendum
1766 2560 1785 2594 ,
1850 2533 1970 2575 sex
2011 2512 2080 2576 in
2118 2506 2547 2593 Friburgensi
2588 2528 2667 2569 ac
2702 2504 2836 2569 Rot-

456 2610 899 2694 tenburgensi,
949 2620 1222 2695 quatuor
1268 2611 1337 2675 in
1380 2610 1769 2697 Moguntina
1817 2620 1883 2677 et
1926 2610 2261 2691 Fuldensi,
2308 2632 2381 2673 ac
2426 2607 2553 2672 duo
2596 2606 2669 2669 :in
2680 2602 2834 2668 Lim-
2921 2634 2922 2669 }

455 2706 769 2791 burgensi
799 2711 1164 2798 respective
1179 2710 1491 2775 Ecclesiis
1518 2711 1940 2777 Praebendae
1972 2734 2087 2777 seu
2106 2710 2404 2776 Vicariae
2433 2730 2550 2796 pro
2580 2702 2834 2771 totidem

462 2802 926 2872 Praebendatis
957 2832 1072 2873 seu
1098 2809 1372 2874 Vicariis
1403 2820 1594 2875 erunt
1620 2811 2184 2877 constabiliendae.
2228 2808 2597 2892 Unicuique
2640 2813 2832 2870 autem
2921 2814 2922 2861 3

455 2924 544 2969 ex
583 2906 952 2971 memoratis
985 2906 1318 2995 Capitulis,
1366 2918 1440 2974 ut
1469 2933 1589 2997 pro
1614 2910 1818 2977 Obori
1850 2912 2135 2994 servitio,
2164 2933 2285 2999 pro
2312 2906 2833 2981 distributionum,

461 3010 527 3067 et
573 3003 846 3069 aliorum
889 3007 1330 3091 quorumlibet
1375 3010 1961 3076 emolumentorum
2006 3011 2357 3093 divisione,
2416 3035 2536 3100 pro
2580 3028 2831 3077 onerum

454 3105 963 3191 supportatione,
1009 3130 1129 3197 pro
1161 3130 1402 3193 rerum,
1445 3133 1523 3203 ac
1562 3110 1801 3176 iurium
1842 3121 1974 3177 tam
2017 3111 2445 3199 spiritualium
2475 3134 2668 3197 quam
2688 3120 2829 3174 tcm—
2921 3102 2922 3183 ᾗ

453 3203 776 3289 poralium
819 3230 1137 3298 prospero
1191 3211 1498 3297 felicique
1543 3212 1869 3298 regimine
1910 3236 1985 3277 ac
2026 3213 2382 3277 directione
2428 3226 2829 3298 quaecunque

455 3311 707 3387 statuta,
735 3304 1034 3395 Capitula
1078 3311 1459 3394 etDecreta,
1506 3311 1680 3375 licita
1722 3321 1942 3376 tamen
1984 3321 2048 3376 et
2077 3312 2371 3396 honesta,
2418 3321 2485 3377 ct
2506 3305 2827 3377 Canonicis

395 3462 409 3487 ·.
453 3403 702 3489 regulis
727 3406 990 3472 minime
1031 3410 1456 3495 adversantia,
1504 3413 1621 3476 sub
1656 3411 2022 3498 respectivi,
2065 3434 2183 3499 pro
2224 3422 2521 3499 tempore
2572 3411 2829 3476 existen-
2921 3426 2922 3495 ᾗ

399 3498 572 3589 Etis,
629 3506 960 3573 Antistitis
1004 3510 1440 3597 praesidentia
1491 3510 1893 3600 inspectione
1940 3520 2004 3577 et
2045 3512 2507 3599 adprobatione
2568 3510 2829 3576 condere

459 3613 652 3691 atque
701 3606 933 3691 edere,
995 3628 1118 3671 nec
1155 3630 1288 3673 non
1333 3611 1593 3695 gratiis,
1658 3611 2022 3697 insignibus
2066 3636 2140 3675 ac
2180 3612 2577 3701 privilegiis,
2620 3610 2830 3697 quibus
2921 3618 2922 3657 ῑ

456 3705 579 3771 alia
612 3704 1096 3773 Catliedralium
1135 3708 1575 3775 Ecclesiarum
1614 3712 1682 3776 in
1725 3712 1857 3777 illis
1897 3711 2187 3800 partibus
2220 3710 2519 3801 Capitula
2558 3710 2827 3797 legitime

461 3805 758 3873 fruuntur
801 3817 868 3872 et
907 3808 1231 3895 gaudent,
1297 3809 1423 3874 frui
1469 3819 1535 3875 et
1574 3813 1863 3896 gaudere
1908 3812 2115 3879 libere
2164 3836 2238 3877 ac
2276 3812 2449 3876 licite
2492 3812 2737 3900 possint
2774 3814 2826 3868 et
2921 3806 2922 3883 ᾗ

461 3906 736 3990 valeant,
786 3908 1112 3973 licentiam
1163 3916 1227 3974 et
1267 3908 1639 3975 facultatem
1680 3912 2097 3977 concedimus
2141 3936 2215 3977 ac
2258 3912 2683 4001 impertimur.

629 4008 804 4091 (IV.)
895 4008 1182 4075 Cuilibet
1219 4010 1513 4098 profecto
1544 4011 1839 4077 Antistiti
1879 4013 2390 4101 supradictarum
2416 4010 2827 4077 Ecclesiarum
2921 4084 2922 4087 Ἴ

454 4126 778 4192 expresse
823 4108 1261 4195 iniungimUS,
1325 4120 1430 4193 ut,
1478 4113 1747 4177 servatis
1792 4113 2149 4198 servandis,
2198 4113 2467 4201 deputet
2510 4135 2595 4177 ex
2642 4110 2825 4177 Oano·

467 4205 628 4271 nicis
663 4228 872 4273 ‘unum
913 4209 1022 4294 qui
1063 4234 1294 4276 munus
1327 4210 1817 4277 Poenitentiarii
1858 4214 2173 4279 stabiliter
2217 4220 2537 4295 exerceat,
2576 4235 2651 4278 ac
2690 4209 2825 4273 alte·
2921 4224 2922 4227 ’

457 4326 604 4369 rum
648 4330 685 4369 a
725 4328 850 4390 quo
893 4307 965 4376 S.
1011 4308 1384 4398 Scriptura,
1441 4311 1621 4375 statis
1679 4311 1941 4395 diebus,
1986 4315 2231 4403 populo
2274 4320 2672 4401 exponatur,
2738 4304 2826 4370 vel
2921 4334 2922 4385 3

454 4404 512 4467 si
582 4404 794 4469 minus
863 4411 1200 4475 commode
1263 4410 1573 4477 Canonici
1640 4411 1723 4476 ad
1776 4412 1937 4477 haec
2011 4434 2283 4483 munera
2345 4412 2639 4502 deputari
2700 4430 2823 4498 p08·

2920 4580 2922 4669 4

2921 4750 2922 4837 γ

2892 4848 2923 4921 Α
