2959 4984
475 314 548 367 46
1027 318 1148 368 vn.
1209 316 1665 368 CAPITULARE
1702 314 2329 369 EGOLESIASTIGUM

483 475 643 563 ipsis
706 476 1150 541 matriculariis
1213 476 1551 559 venerint3
1636 476 1724 542 Et
1780 478 1859 541 in·
1908 476 2425 563 Quadragesima
2486 476 2648 541 duas
2704 476 2882 541 vices

483 574 798 662 accipiant
853 574 1078 640 vinum
1141 598 1288 641 cum
1343 596 1509 664 pane
1562 578 1735 641 inter
1792 586 2065 661 quatuor
2106 576 2456 641 sextarium
2496 596 2717 639 unum.
2804 574 2883 640 In

485 672 708 741 Coena
745 676 1012 741 Domini
1063 676 1376 763 accipiant
1425 676 1647 741 vinum
1706 698 1851 741 cum
1910 698 2077 763 pane
2142 674 2509 764 supradicta
2560 696 2880 757 mensura,

485 783 550 839 et
610 776 977 862 portionem
1021 775 1102 839 de
1148 774 1362 857 lardo,
1431 784 1499 838 et
1541 776 1894 840 formatico.
1982 774 2069 841 Et
2116 774 2665 840 consideravimus
2710 774 2881 860 quod

486 883 628 939 octo
693 876 910 939 modia
969 875 1052 939 de
1113 896 1278 961 pane
1339 883 1518 938 cocto
1584 874 1667 939 ad
1710 896 2179 959 unamqamque
2223 874 2433 939 vicem
2476 874 2561 939 ad
2602 874 2732 939 hoc
2772 874 2879 939 ha-

481 975 664 1055 beat3
711 983 776 1037 et
819 975 934 1038 illa
971 974 1114 1038 vice
1157 972 1414 1058 quando
1459 973 1715 1038 lardum
1759 974 1999 1039 debent
2036 974 2351 1061 accip-ere,
2392 973 2711 1061 accipiant
2734 975 2875 1037 bac-

485 1094 678 1139 cones
743 1094 892 1155 sex3
961 1082 1026 1137 et
1082 1073 1338 1158 quando
1399 1074 1805 1139 formaticum
1846 1074 2164 1161 accipiunt
2198 1074 2271 1139 in
2308 1094 2693 1158 unaquaque
2736 1073 2876 1136 vice

480 1194 682 1258 pensa
723 1196 869 1237 una.
925 1172 1072 1237 Hoc
1111 1173 1362 1258 colligit
1401 1173 1485 1237 de
1522 1174 1848 1239 frumento⁴
1886 1196 2003 1263 per
2044 1196 2283 1239 annum
2322 1173 2539 1237 modia
2580 1172 2876 1237 ducenta.

481 1270 590 1335 De
636 1271 751 1337 illo
787 1272 1112 1337 frumento
1161 1274 1260 1354 sit,
1305 1272 1414 1357 qui
1457 1273 1543 1337 de
1568 1273 2013 1339 Warmacinse
2058 1274 2257 1355 venit,
2302 1280 2367 1338 et
2406 1272 2677 1360 accipiat
2716 1272 2879 1337 illud

484 1372 739 1455 quando
783 1371 1020 1436 exinde
1062 1374 1259 1437 venit.
1300 1372 1410 1437 De
1447 1372 1631 1437 lardo
1674 1375 1991 1439 baccones
2031 1373 2369 1459 sexaginta
2408 1373 2677 1460 accipiat
2713 1372 2874 1460 ipsis

483 1469 766 1535 Kalend.
813 1471 1064 1535 Ianuar.
1147 1472 1255 1537 De
1319 1473 1655 1537 formatico
1716 1496 1947 1560 pensas
2008 1473 2352 1539 duodecim
2416 1472 2691 1560 accipiat
2742 1472 2883 1560 ipsa

486 1570 686 1635 Missa
727 1571 928 1635 saneti
957 1570 1236 1635 Martini.
1278 1572 1386 1637 De
1427 1572 1579 1637 vino
1624 1572 1841 1637 modia
1879 1574 2113 1659 vig-inti
2140 1582 2413 1658 quatuor
2440 1572 2713 1660 accipiat
2738 1572 2877 1660 ipsa

484 1668 686 1735 Missa
729 1670 930 1735 sancti
971 1669 1249 1736 Martini.
1335 1670 1424 1737 Et
1466 1672 1595 1736 hoc
1635 1682 1841 1737 totum
1883 1674 2151 1760 accipiat
2189 1672 2711 1754 archidiac-cnm,
2774 1671 2881 1735 vel

485 1768 926 1855 primicerius:
992 1779 1058 1834 et
1099 1771 1364 1836 videant
1405 1772 1580 1857 quod
1626 1773 1751 1837 hoc
1792 1773 1885 1837 sic
1928 1772 2337 1859 dispensent,
2412 1772 2689 1857 qualiter
2732 1772 2876 1837 Deo

485 1868 753 1954 placeat,
799 1878 864 1933 et
907 1870 1316 1935 constitutum
1359 1872 1691 1937 habemus.
1736 1871 1821 1937 Et
1857 1892 2107 1937 merces
2144 1881 2365 1937 nostra
2399 1872 2509 1936 vel
2552 1892 2876 1937 successo-

485 1990 632 2032 rum
673 1976 1034 2033 nostrorum
1054 2018 1074 2052 ,
1135 1971 1245 2035 vel
1285 1971 1396 2055 qui
1435 1972 1561 2035 hoc
1602 1971 1841 2036 faciunt
1883 1972 2121 2037 exinde
2150 1972 2197 2059 ι)
2244 1971 2591 2037 decrescat.
2674 1970 2767 2035 Et
2798 1970 2879 2034 ad

435 2155 439 2160 ,
481 2065 664 2151 ligna
703 2069 1221 2155 comparandum,
1265 2070 1440 2135 unde
1477 2072 1693 2157 ipsum
1734 2068 1969 2159 panem
2010 2072 2261 2153 faciant,
2302 2071 2503 2136 donet
2536 2070 2877 2157 episcopus

485 2165 570 2230 de
626 2166 902 2231 denariis
961 2170 1180 2235 uncias
1222 2170 1377 2235 duas
1423 2180 1492 2235 et
1531 2170 1865 2235 dimidiam
1908 2170 2188 2236 Kalend.
2233 2170 2453 2236 Maias,
2538 2168 2625 2237 Et
2670 2171 2725 2235 si
2767 2170 2874 2234 ali-

485 2266 640 2351 quid
681 2268 1083 2354 superaverit
1127 2268 1212 2333 de
1235 2270 1378 2352 hoc,
1425 2270 1601 2355 quod
1627 2271 1923 2358 superius
1949 2270 2253 2352 diximus»,
2296 2270 2435 2335 aliis
2462 2270 2873 2359 pau-peribuS,

483 2367 586 2431 cui
621 2388 888 2433 necesse
925 2378 1044 2451 est,
1083 2369 1623 2458 archiepiscopuS,
1664 2370 1775 2435 vel
1812 2369 2239 2457 primicerius„
2278 2378 2389 2434 aut
2418 2370 2522 2435 cui
2550 2370 2871 2450 iusserint,

480 2466 738 2533 tribuat.
824 2466 1148 2554 Explicit.

483 2677 638 2743 VH.
685 2677 1163 2766 capitulare
1209 2679 1875 2745 ecclesiasticum
1914 2680 2208 2748 Karoli
2246 2680 2521 2769 Magni
2566 2682 2871 2768 a.789*).

645 2844 984 2929 Regnante
1049 2845 1308 2911 domino
1351 2855 1573 2913 nostro
1614 2846 1767 2913 Iesu
1816 2846 2075 2913 Christo
2119 2848 2190 2916 in
2226 2857 2639 2936 perpetuum.
2724 2848 2869 2934 Ego

483 2940 772 3024 Carolus,
815 2944 1022 3029 gratia
1062 2945 1195 3010 Dei
1231 2946 1502 3031 'eiusque
1546 2946 1988 3011 misericordia
2032 2946 2331 3029 donante,
2374 2968 2498 3011 rex
2540 2953 2607 3009 et
2648 2956 2865 3011 rector

483 3042 674 3127 regni
717 3040 1142 3127 Francorum,
1202 3055 1266 3109 et
1311 3045 1581 3111 devotus
1628 3055 1883 3111 sanctae
1922 3047 2272 3117 aecclesiae
2317 3046 2621 3111 defensor
2659 3045 2867 3111 humi-

478 3140 690 3225 lisque
731 3141 1003 3223 adiutor,
1047 3144 1340 3209 omnibus
1386 3144 1855 3212 ecclesiasticae
1893 3146 2146 3231 pietatis
2192 3148 2541 3229 ordinibuS‚
2583 3168 2700 3211 seu
2734 3168 2869 3211 sae-

481 3240 712 3304 cularis
769 3242 1094 3327 potentiae
1156 3244 1609 3329 dignitatibus»,
1667 3244 1740 3310 in
1786 3244 2045 3310 Christo
2104 3246 2365 3311 domino
2414 3246 2537 3311 deo
2585 3255 2868 3327 aetern0,

480 3349 834 3427 perpetuae
890 3343 1066 3430 pacis
1125 3352 1189 3407 et
1245 3344 1659 3409 beatitudinis
1720 3345 2011 3411 salutem.
2110 3344 2542 3422 Considerans
2601 3346 2869 3431 pacifico

472 3439 625 3528 ,piae
665 3442 900 3508 mentis
941 3443 1192 3525 intuitu,
1241 3467 1372 3508 una
1417 3468 1563 3509 cum
1602 3444 2044 3515 sacerdotibus
2093 3452 2157 3508 et
2199 3445 2575 3515 consiliariis
2612 3445 2867 3527 nostrie,

481 3540 912 3605 abundantem
969 3542 1040 3605 in
1097 3564 1217 3607 nos
1257 3553 1677 3630 nostrumque
1718 3544 2034 3633 populum
2080 3542 2325 3611 Christi
2366 3545 2547 3630 regis
2592 3545 2869 3612 clemen-

483 3640 655 3723 tiam,
701 3650 764 3704 et
809 3663 997 3725 quam
1037 3644 1471 3710 necessarium
1522 3654 1619 3709 est
1655 3668 1790 3711 non
1831 3646 2041 3712 solum
2082 3655 2217 3709 toto
2262 3644 2458 3712 corde
2492 3654 2557 3709 et
2588 3664 2701 3709 ore
2734 3644 2868 3707 eius
2955 3634 2956 3659 *

479 3739 702 3829 pietati
759 3762 956 3827 agere
1015 3742 1252 3827 gratias
1309 3744 1742 3826 incessanter,
1806 3746 1924 3810 sed
1978 3746 2173 3811 etiam
2212 3744 2512 3812 continua
2552 3745 2868 3811 bonorum
2955 3760 2956 3771 ¹

481 3863 750 3929 operum
795 3842 1254 3907 exercitatione
1303 3843 1435 3907 eius
1477 3844 1777 3909 insistere
1808 3845 2125 3928 laudibuS,
2171 3853 2483 3929 quatenus
2514 3843 2624 3928 qui
2652 3853 2869 3911 nostro

478 3962 685 4028 regno
743 3950 953 4006 tantos
1005 3941 1276 4006 contulit
1314 3942 1630 4024 honoreS,
1692 3964 1805 4009 sua
1844 3946 2248 4031 protectione
2292 3967 2411 4011 nos
2452 3954 2870 4028 nostrumque

683 4202 736 4271 1)
777 4192 955 4270 Flu-te,
995 4202 1194 4257 exinde
1233 4207 1465 4257 crescat.

668 4288 722 4359 ³⁸¹)
761 4289 845 4345 De
881 4290 1090 4361 insigni
1124 4291 1231 4344 hoc
1267 4290 1564 4359 capitulari
1592 4290 1723 4345 vide
1760 4290 2055 4347 Lehrbuch
2090 4292 2187 4346 des
2222 4291 2655 4348 Kirchenrechts
2692 4297 2740 4359 ξ.
2778 4296 2869 4350 92.

475 4374 732 4445 Repetivi
763 4378 1066 4433 editionem
1103 4378 1256 4448 apud
1290 4376 1455 4431 Pertz
1490 4378 1703 4448 Legum
1738 4378 1895 4433 Tom.
1907 4379 1947 4433 Ι.
1986 4398 2041 4449 p.
2061 4382 2167 4448 53.,
2204 4380 2419 4434 omissis
2452 4380 2645 4436 variiis
2686 4381 2873 4436 lectio·
2955 4412 2956 4421 ι

478 4463 660 4533 nibus,
696 4480 836 4533 quae
869 4466 1030 4535 parvi
1069 4465 1340 4521 momenti
1377 4468 1523 4520 sunt.
