<?xml version="1.0" encoding="UTF-8"?>
<!DOCTYPE html PUBLIC "-//W3C//DTD XHTML 1.0 Transitional//EN"
    "http://www.w3.org/TR/xhtml1/DTD/xhtml1-transitional.dtd">
<html xmlns="http://www.w3.org/1999/xhtml" xml:lang="en" lang="en">
 <head>
  <title>
</title>
<meta http-equiv="Content-Type" content="text/html;charset=utf-8" />
  <meta name='ocr-system' content='tesseract 3.04.00' />
  <meta name='ocr-capabilities' content='ocr_page ocr_carea ocr_par ocr_line ocrx_word'/>
</head>
<body>
  <div class='ocr_page' id='page_1' title='image "./fontesiuriseccl00waltgoog_0306.png"; bbox 0 0 2959 4984; ppageno 0'>
   <div class='ocr_carea' id='block_1_1' title="bbox 391 276 2360 338">
    <p class='ocr_par' dir='ltr' id='par_1_1' title="bbox 391 276 2360 338">
     <span class='ocr_line' id='line_1_1' title="bbox 391 276 2360 338; baseline -0.004 0"><span class='ocrx_word' id='word_1_1' title='bbox 391 281 496 338; x_wconf 78' lang='lat'><strong>286</strong></span> <span class='ocrx_word' id='word_1_2' title='bbox 830 279 1052 332; x_wconf 81' lang='lat' dir='ltr'><strong>XLVII.</strong></span> <span class='ocrx_word' id='word_1_3' title='bbox 1127 277 1615 338; x_wconf 73' lang='lat' dir='ltr'>CONCORDATA</span> <span class='ocrx_word' id='word_1_4' title='bbox 1651 277 2060 336; x_wconf 74' lang='lat' dir='ltr'>AUSTRIAGA</span> <span class='ocrx_word' id='word_1_5' title='bbox 2100 280 2163 332; x_wconf 75' lang='lat' dir='ltr'><strong>A.</strong></span> <span class='ocrx_word' id='word_1_6' title='bbox 2202 276 2360 334; x_wconf 82' lang='lat'><strong>1855.</strong></span> 
     </span>
    </p>
   </div>
   <div class='ocr_carea' id='block_1_2' title="bbox 388 445 2833 4564">
    <p class='ocr_par' dir='ltr' id='par_1_2' title="bbox 388 445 2817 837">
     <span class='ocr_line' id='line_1_2' title="bbox 395 445 2806 534; baseline -0.002 -22"><span class='ocrx_word' id='word_1_7' title='bbox 395 447 466 512; x_wconf 91' lang='lat' dir='ltr'><strong>in</strong></span> <span class='ocrx_word' id='word_1_8' title='bbox 508 468 660 512; x_wconf 89' lang='lat' dir='ltr'><strong>casu</strong></span> <span class='ocrx_word' id='word_1_9' title='bbox 699 445 1106 534; x_wconf 76' lang='lat' dir='ltr'>excipientur</span> <span class='ocrx_word' id='word_1_10' title='bbox 1143 445 1535 512; x_wconf 86' lang='lat' dir='ltr'><strong>Antistitum</strong></span> <span class='ocrx_word' id='word_1_11' title='bbox 1577 446 2112 514; x_wconf 87' lang='lat' dir='ltr'><strong>dioecesanorum</strong></span> <span class='ocrx_word' id='word_1_12' title='bbox 2154 451 2533 511; x_wconf 85' lang='lat' dir='ltr'><strong>ornamenta</strong></span> <span class='ocrx_word' id='word_1_13' title='bbox 2570 452 2639 509; x_wconf 90' lang='lat' dir='ltr'><strong>et</strong></span> <span class='ocrx_word' id='word_1_14' title='bbox 2676 463 2806 508; x_wconf 83' lang='lat' dir='ltr'><strong>ve-</strong></span> 
     </span>
     <span class='ocr_line' id='line_1_3' title="bbox 393 545 2811 636; baseline -0.002 -24"><span class='ocrx_word' id='word_1_15' title='bbox 393 555 524 612; x_wconf 89' lang='lat' dir='ltr'><strong>stes</strong></span> <span class='ocrx_word' id='word_1_16' title='bbox 567 546 974 635; x_wconf 87' lang='lat' dir='ltr'><strong>pontificales</strong></span> <span class='ocrx_word' id='word_1_17' title='bbox 994 597 1014 630; x_wconf 97' lang='lat'><strong>,</strong></span> <span class='ocrx_word' id='word_1_18' title='bbox 1059 569 1223 633; x_wconf 84' lang='lat' dir='ltr'><strong>quae</strong></span> <span class='ocrx_word' id='word_1_19' title='bbox 1279 547 1494 614; x_wconf 88' lang='lat' dir='ltr'><strong>omnia</strong></span> <span class='ocrx_word' id='word_1_20' title='bbox 1544 547 1749 612; x_wconf 88' lang='lat' dir='ltr'><strong>veluti</strong></span> <span class='ocrx_word' id='word_1_21' title='bbox 1804 569 2069 614; x_wconf 78' lang='lat' dir='ltr'><strong>mensae</strong></span> <span class='ocrx_word' id='word_1_22' title='bbox 2125 546 2475 636; x_wconf 88' lang='lat' dir='ltr'><strong>episcopali</strong></span> <span class='ocrx_word' id='word_1_23' title='bbox 2518 545 2811 634; x_wconf 89' lang='lat' dir='ltr'><strong>propria</strong></span> 
     </span>
     <span class='ocr_line' id='line_1_4' title="bbox 388 645 2817 715; baseline -0.001 -2"><span class='ocrx_word' id='word_1_24' title='bbox 388 655 580 713; x_wconf 88' lang='lat' dir='ltr'><strong>erunt</strong></span> <span class='ocrx_word' id='word_1_25' title='bbox 620 646 920 713; x_wconf 88' lang='lat' dir='ltr'><strong>habenda</strong></span> <span class='ocrx_word' id='word_1_26' title='bbox 964 657 1029 713; x_wconf 89' lang='lat' dir='ltr'><strong>et</strong></span> <span class='ocrx_word' id='word_1_27' title='bbox 1068 646 1220 714; x_wconf 90' lang='lat' dir='ltr'><strong>ideo</strong></span> <span class='ocrx_word' id='word_1_28' title='bbox 1264 648 1348 712; x_wconf 84' lang='lat' dir='ltr'><strong>ad</strong></span> <span class='ocrx_word' id='word_1_29' title='bbox 1370 647 1798 715; x_wconf 85' lang='lat' dir='ltr'><strong>Successores</strong></span> <span class='ocrx_word' id='word_1_30' title='bbox 1822 647 2169 714; x_wconf 88' lang='lat' dir='ltr'><strong>Antistites</strong></span> <span class='ocrx_word' id='word_1_31' title='bbox 2216 647 2595 714; x_wconf 86' lang='lat' dir='ltr'><strong>transibunt.</strong></span> <span class='ocrx_word' id='word_1_32' title='bbox 2638 645 2817 712; x_wconf 86' lang='lat' dir='ltr'><strong>Hoc</strong></span> 
     </span>
     <span class='ocr_line' id='line_1_5' title="bbox 392 746 2440 837; baseline 0.001 -25"><span class='ocrx_word' id='word_1_33' title='bbox 392 746 571 814; x_wconf 89' lang='lat' dir='ltr'><strong>idem</strong></span> <span class='ocrx_word' id='word_1_34' title='bbox 617 747 1062 814; x_wconf 79' lang='lat' dir='ltr'><strong>observabitur</strong></span> <span class='ocrx_word' id='word_1_35' title='bbox 1102 749 1315 834; x_wconf 87' lang='lat' dir='ltr'><strong>quoad</strong></span> <span class='ocrx_word' id='word_1_36' title='bbox 1361 748 1584 832; x_wconf 80' lang='lat' dir='ltr'><strong>libros,</strong></span> <span class='ocrx_word' id='word_1_37' title='bbox 1626 749 1738 815; x_wconf 89' lang='lat' dir='ltr'><strong>ubi</strong></span> <span class='ocrx_word' id='word_1_38' title='bbox 1776 771 1901 816; x_wconf 90' lang='lat' dir='ltr'><strong>usu</strong></span> <span class='ocrx_word' id='word_1_39' title='bbox 1941 757 2279 837; x_wconf 89' lang='lat' dir='ltr'><strong>receptum</strong></span> <span class='ocrx_word' id='word_1_40' title='bbox 2324 757 2440 814; x_wconf 88' lang='lat' dir='ltr'><strong>est.</strong></span> 
     </span>
    </p>

    <p class='ocr_par' dir='ltr' id='par_1_3' title="bbox 389 847 2833 2321">
     <span class='ocr_line' id='line_1_6' title="bbox 561 847 2817 938; baseline -0.001 -24"><span class='ocrx_word' id='word_1_41' title='bbox 561 847 709 914; x_wconf 85' lang='lat' dir='ltr'><strong>Art.</strong></span> <span class='ocrx_word' id='word_1_42' title='bbox 749 847 972 914; x_wconf 87' lang='lat' dir='ltr'><strong>XXII.</strong></span> <span class='ocrx_word' id='word_1_43' title='bbox 1057 847 1135 913; x_wconf 92' lang='lat' dir='ltr'><strong>In</strong></span> <span class='ocrx_word' id='word_1_44' title='bbox 1189 848 1487 914; x_wconf 89' lang='lat' dir='ltr'><strong>omnibus</strong></span> <span class='ocrx_word' id='word_1_45' title='bbox 1529 848 2052 938; x_wconf 88' lang='lat' dir='ltr'><strong>Metropolitanis</strong></span> <span class='ocrx_word' id='word_1_46' title='bbox 2095 871 2213 914; x_wconf 88' lang='lat' dir='ltr'><strong>seu</strong></span> <span class='ocrx_word' id='word_1_47' title='bbox 2248 847 2817 935; x_wconf 82' lang='lat' dir='ltr'><strong>Archiepiscopa·</strong></span> 
     </span>
     <span class='ocr_line' id='line_1_7' title="bbox 389 948 2827 1038; baseline -0.001 -24"><span class='ocrx_word' id='word_1_48' title='bbox 389 949 561 1014; x_wconf 88' lang='lat' dir='ltr'><strong>libus</strong></span> <span class='ocrx_word' id='word_1_49' title='bbox 607 948 1166 1034; x_wconf 80' lang='lat' dir='ltr'><strong>suffraganeisque</strong></span> <span class='ocrx_word' id='word_1_50' title='bbox 1209 948 1521 1014; x_wconf 85' lang='lat' dir='ltr'><strong>Ecclesiis</strong></span> <span class='ocrx_word' id='word_1_51' title='bbox 1564 948 1883 1016; x_wconf 81' lang='lat' dir='ltr'><strong>Sanctitas</strong></span> <span class='ocrx_word' id='word_1_52' title='bbox 1910 948 2048 1016; x_wconf 86' lang='lat' dir='ltr'><strong>Sua</strong></span> <span class='ocrx_word' id='word_1_53' title='bbox 2088 950 2363 1038; x_wconf 90' lang='lat' dir='ltr'><strong>primam</strong></span> <span class='ocrx_word' id='word_1_54' title='bbox 2408 948 2827 1034; x_wconf 82' lang='lat' dir='ltr'><strong>dignitatem</strong></span> 
     </span>
     <span class='ocr_line' id='line_1_8' title="bbox 395 1049 2825 1139; baseline -0.001 -25"><span class='ocrx_word' id='word_1_55' title='bbox 395 1051 717 1134; x_wconf 87' lang='lat' dir='ltr'><strong>conferet,</strong></span> <span class='ocrx_word' id='word_1_56' title='bbox 782 1049 908 1115; x_wconf 89' lang='lat' dir='ltr'><strong>nisi</strong></span> <span class='ocrx_word' id='word_1_57' title='bbox 967 1058 1343 1137; x_wconf 85' lang='lat' dir='ltr'><strong>patronatus</strong></span> <span class='ocrx_word' id='word_1_58' title='bbox 1385 1049 1630 1115; x_wconf 88' lang='lat' dir='ltr'><strong>laicalis</strong></span> <span class='ocrx_word' id='word_1_59' title='bbox 1670 1051 1903 1139; x_wconf 81' lang='lat' dir='ltr'><strong>privati</strong></span> <span class='ocrx_word' id='word_1_60' title='bbox 1952 1050 2072 1134; x_wconf 88' lang='lat' dir='ltr'><strong>sit,</strong></span> <span class='ocrx_word' id='word_1_61' title='bbox 2136 1072 2263 1135; x_wconf 90' lang='lat' dir='ltr'><strong>quo</strong></span> <span class='ocrx_word' id='word_1_62' title='bbox 2315 1074 2469 1117; x_wconf 85' lang='lat' dir='ltr'><strong>casu</strong></span> <span class='ocrx_word' id='word_1_63' title='bbox 2507 1049 2825 1114; x_wconf 84' lang='lat' dir='ltr'><strong>secunda</strong></span> 
     </span>
     <span class='ocr_line' id='line_1_9' title="bbox 394 1148 2825 1239; baseline -0.001 -23"><span class='ocrx_word' id='word_1_64' title='bbox 394 1151 834 1218; x_wconf 87' lang='lat' dir='ltr'><strong>substituetur.</strong></span> <span class='ocrx_word' id='word_1_65' title='bbox 921 1148 1035 1214; x_wconf 84' lang='lat' dir='ltr'><strong>Ad</strong></span> <span class='ocrx_word' id='word_1_66' title='bbox 1095 1159 1380 1216; x_wconf 85' lang='lat' dir='ltr'><strong>caeteras</strong></span> <span class='ocrx_word' id='word_1_67' title='bbox 1436 1150 1785 1236; x_wconf 83' lang='lat' dir='ltr'><strong>dignitates</strong></span> <span class='ocrx_word' id='word_1_68' title='bbox 1836 1160 1901 1216; x_wconf 94' lang='lat' dir='ltr'><strong>et</strong></span> <span class='ocrx_word' id='word_1_69' title='bbox 1942 1149 2348 1239; x_wconf 88' lang='lat' dir='ltr'><strong>praebendas</strong></span> <span class='ocrx_word' id='word_1_70' title='bbox 2394 1149 2825 1216; x_wconf 82' lang='lat' dir='ltr'><strong>canonicales</strong></span> 
     </span>
     <span class='ocr_line' id='line_1_10' title="bbox 391 1249 2821 1340; baseline -0.001 -22"><span class='ocrx_word' id='word_1_71' title='bbox 391 1251 699 1338; x_wconf 87' lang='lat' dir='ltr'><strong>Majestas</strong></span> <span class='ocrx_word' id='word_1_72' title='bbox 742 1249 881 1317; x_wconf 84' lang='lat' dir='ltr'><strong>Sua</strong></span> <span class='ocrx_word' id='word_1_73' title='bbox 919 1250 1252 1318; x_wconf 81' lang='lat' dir='ltr'><strong>nomina-re</strong></span> <span class='ocrx_word' id='word_1_74' title='bbox 1283 1261 1540 1339; x_wconf 84' lang='lat' dir='ltr'><strong>perget,</strong></span> <span class='ocrx_word' id='word_1_75' title='bbox 1586 1250 1875 1340; x_wconf 82' lang='lat' dir='ltr'><strong>exceptis</strong></span> <span class='ocrx_word' id='word_1_76' title='bbox 1918 1250 2447 1340; x_wconf 84' lang='lat' dir='ltr'><strong>permanentibus</strong></span> <span class='ocrx_word' id='word_1_77' title='bbox 2483 1251 2585 1333; x_wconf 90' lang='lat' dir='ltr'><strong>iis,</strong></span> <span class='ocrx_word' id='word_1_78' title='bbox 2624 1271 2821 1337; x_wconf 80' lang='lat' dir='ltr'><strong>quae</strong></span> 
     </span>
     <span class='ocr_line' id='line_1_11' title="bbox 395 1350 2821 1440; baseline -0 -24"><span class='ocrx_word' id='word_1_79' title='bbox 395 1351 642 1416; x_wconf 82' lang='lat' dir='ltr'><strong>liberae</strong></span> <span class='ocrx_word' id='word_1_80' title='bbox 686 1350 1043 1416; x_wconf 87' lang='lat' dir='ltr'><strong>collationis</strong></span> <span class='ocrx_word' id='word_1_81' title='bbox 1091 1351 1475 1439; x_wconf 89' lang='lat' dir='ltr'><strong>episcopalis</strong></span> <span class='ocrx_word' id='word_1_82' title='bbox 1522 1361 1708 1434; x_wconf 87' lang='lat' dir='ltr'><strong>sunt,</strong></span> <span class='ocrx_word' id='word_1_83' title='bbox 1753 1352 1861 1416; x_wconf 91' lang='lat' dir='ltr'><strong>vel</strong></span> <span class='ocrx_word' id='word_1_84' title='bbox 1897 1352 2031 1436; x_wconf 88' lang='lat' dir='ltr'><strong>juri</strong></span> <span class='ocrx_word' id='word_1_85' title='bbox 2072 1361 2447 1440; x_wconf 87' lang='lat' dir='ltr'><strong>patronatus</strong></span> <span class='ocrx_word' id='word_1_86' title='bbox 2492 1350 2821 1436; x_wconf 84' lang='lat' dir='ltr'><strong>legitime</strong></span> 
     </span>
     <span class='ocr_line' id='line_1_12' title="bbox 395 1450 2827 1539; baseline 0 -23"><span class='ocrx_word' id='word_1_87' title='bbox 395 1450 718 1536; x_wconf 84' lang='lat' dir='ltr'><strong>adquisito</strong></span> <span class='ocrx_word' id='word_1_88' title='bbox 759 1450 1113 1535; x_wconf 87' lang='lat' dir='ltr'><strong>subjacent.</strong></span> <span class='ocrx_word' id='word_1_89' title='bbox 1156 1450 1237 1516; x_wconf 91' lang='lat' dir='ltr'><strong>In</strong></span> <span class='ocrx_word' id='word_1_90' title='bbox 1278 1451 1757 1539; x_wconf 85' lang='lat' dir='ltr'><strong>praedictarum</strong></span> <span class='ocrx_word' id='word_1_91' title='bbox 1793 1452 2236 1519; x_wconf 81' lang='lat' dir='ltr'><strong>Ecclesiamm</strong></span> <span class='ocrx_word' id='word_1_92' title='bbox 2262 1451 2619 1518; x_wconf 86' lang='lat' dir='ltr'><strong>Canonicos</strong></span> <span class='ocrx_word' id='word_1_93' title='bbox 2666 1473 2827 1516; x_wconf 87' lang='lat' dir='ltr'><strong>non</strong></span> 
     </span>
     <span class='ocr_line' id='line_1_13' title="bbox 395 1550 2821 1637; baseline 0 -20"><span class='ocrx_word' id='word_1_94' title='bbox 395 1560 802 1618; x_wconf 82' lang='lat' dir='ltr'><strong>assumentur</strong></span> <span class='ocrx_word' id='word_1_95' title='bbox 823 1601 843 1634; x_wconf 97' lang='lat'><strong>,</strong></span> <span class='ocrx_word' id='word_1_96' title='bbox 891 1550 1016 1616; x_wconf 91' lang='lat' dir='ltr'><strong>nisi</strong></span> <span class='ocrx_word' id='word_1_97' title='bbox 1059 1550 1466 1635; x_wconf 88' lang='lat' dir='ltr'><strong>sacerdotes,</strong></span> <span class='ocrx_word' id='word_1_98' title='bbox 1516 1552 1627 1637; x_wconf 88' lang='lat' dir='ltr'><strong>qui</strong></span> <span class='ocrx_word' id='word_1_99' title='bbox 1674 1562 1739 1618; x_wconf 88' lang='lat' dir='ltr'><strong>et</strong></span> <span class='ocrx_word' id='word_1_100' title='bbox 1779 1553 1966 1618; x_wconf 88' lang='lat' dir='ltr'><strong>dotes</strong></span> <span class='ocrx_word' id='word_1_101' title='bbox 2011 1554 2296 1619; x_wconf 84' lang='lat' dir='ltr'><strong>habeant</strong></span> <span class='ocrx_word' id='word_1_102' title='bbox 2338 1576 2375 1616; x_wconf 89' lang='lat' dir='ltr'><strong>a</strong></span> <span class='ocrx_word' id='word_1_103' title='bbox 2420 1551 2821 1618; x_wconf 84' lang='lat' dir='ltr'><strong>Canonibus</strong></span> 
     </span>
     <span class='ocr_line' id='line_1_14' title="bbox 398 1650 2833 1739; baseline 0 -23"><span class='ocrx_word' id='word_1_104' title='bbox 398 1651 796 1738; x_wconf 86' lang='lat' dir='ltr'><strong>generaliter</strong></span> <span class='ocrx_word' id='word_1_105' title='bbox 837 1651 1264 1739; x_wconf 85' lang='lat' dir='ltr'><strong>praescriptas</strong></span> <span class='ocrx_word' id='word_1_106' title='bbox 1312 1660 1378 1716; x_wconf 90' lang='lat' dir='ltr'><strong>et</strong></span> <span class='ocrx_word' id='word_1_107' title='bbox 1415 1653 1487 1716; x_wconf 89' lang='lat' dir='ltr'><strong>in</strong></span> <span class='ocrx_word' id='word_1_108' title='bbox 1528 1676 1681 1718; x_wconf 87' lang='lat' dir='ltr'><strong>cura</strong></span> <span class='ocrx_word' id='word_1_109' title='bbox 1724 1653 2081 1718; x_wconf 89' lang='lat' dir='ltr'><strong>animarum</strong></span> <span class='ocrx_word' id='word_1_110' title='bbox 2109 1654 2317 1719; x_wconf 82' lang='lat' dir='ltr'><strong>autin</strong></span> <span class='ocrx_word' id='word_1_111' title='bbox 2353 1650 2638 1738; x_wconf 81' lang='lat' dir='ltr'><strong>negotiis</strong></span> <span class='ocrx_word' id='word_1_112' title='bbox 2697 1674 2833 1732; x_wconf 51' lang='grc' dir='ltr'><strong>θα)</strong></span> 
     </span>
     <span class='ocr_line' id='line_1_15' title="bbox 401 1750 2818 1840; baseline -0.001 -22"><span class='ocrx_word' id='word_1_113' title='bbox 401 1750 772 1818; x_wconf 87' lang='lat' dir='ltr'><strong>clesiasticis</strong></span> <span class='ocrx_word' id='word_1_114' title='bbox 821 1773 937 1817; x_wconf 88' lang='lat' dir='ltr'><strong>seu</strong></span> <span class='ocrx_word' id='word_1_115' title='bbox 977 1750 1046 1816; x_wconf 90' lang='lat' dir='ltr'><strong>in</strong></span> <span class='ocrx_word' id='word_1_116' title='bbox 1089 1750 1444 1840; x_wconf 86' lang='lat' dir='ltr'><strong>disciplinis</strong></span> <span class='ocrx_word' id='word_1_117' title='bbox 1490 1753 1686 1818; x_wconf 89' lang='lat' dir='ltr'><strong>sacris</strong></span> <span class='ocrx_word' id='word_1_118' title='bbox 1744 1753 2074 1818; x_wconf 86' lang='lat' dir='ltr'><strong>tradendis</strong></span> <span class='ocrx_word' id='word_1_119' title='bbox 2124 1776 2271 1819; x_wconf 89' lang='lat' dir='ltr'><strong>cum</strong></span> <span class='ocrx_word' id='word_1_120' title='bbox 2314 1752 2507 1818; x_wconf 87' lang='lat' dir='ltr'><strong>laude</strong></span> <span class='ocrx_word' id='word_1_121' title='bbox 2543 1752 2818 1816; x_wconf 81' lang='lat' dir='ltr'><strong>versati</strong></span> 
     </span>
     <span class='ocr_line' id='line_1_16' title="bbox 398 1849 2826 1941; baseline 0.001 -26"><span class='ocrx_word' id='word_1_122' title='bbox 398 1851 663 1916; x_wconf 87' lang='lat' dir='ltr'><strong>fuerint.</strong></span> <span class='ocrx_word' id='word_1_123' title='bbox 750 1849 1020 1917; x_wconf 84' lang='lat' dir='ltr'><strong>Sublata</strong></span> <span class='ocrx_word' id='word_1_124' title='bbox 1072 1851 1340 1941; x_wconf 87' lang='lat' dir='ltr'><strong>insuper</strong></span> <span class='ocrx_word' id='word_1_125' title='bbox 1387 1853 1513 1918; x_wconf 88' lang='lat' dir='ltr'><strong>erit</strong></span> <span class='ocrx_word' id='word_1_126' title='bbox 1551 1854 1858 1919; x_wconf 88' lang='lat' dir='ltr'><strong>natalium</strong></span> <span class='ocrx_word' id='word_1_127' title='bbox 1902 1853 2219 1919; x_wconf 90' lang='lat' dir='ltr'><strong>nobilium</strong></span> <span class='ocrx_word' id='word_1_128' title='bbox 2262 1853 2398 1918; x_wconf 90' lang='lat' dir='ltr'><strong>sive</strong></span> <span class='ocrx_word' id='word_1_129' title='bbox 2441 1851 2826 1918; x_wconf 80' lang='lat' dir='ltr'><strong>nobilitatis</strong></span> 
     </span>
     <span class='ocr_line' id='line_1_17' title="bbox 396 1951 2823 2039; baseline 0 -24"><span class='ocrx_word' id='word_1_130' title='bbox 396 1951 734 2016; x_wconf 86' lang='lat' dir='ltr'><strong>titulorum</strong></span> <span class='ocrx_word' id='word_1_131' title='bbox 774 1951 1145 2034; x_wconf 79' lang='lat' dir='ltr'><strong>necessitas„</strong></span> <span class='ocrx_word' id='word_1_132' title='bbox 1188 1953 1381 2018; x_wconf 85' lang='lat' dir='ltr'><strong>salvis</strong></span> <span class='ocrx_word' id='word_1_133' title='bbox 1434 1962 1650 2019; x_wconf 89' lang='lat' dir='ltr'><strong>tamen</strong></span> <span class='ocrx_word' id='word_1_134' title='bbox 1695 1952 2169 2020; x_wconf 89' lang='lat' dir='ltr'><strong>conditionibus</strong></span> <span class='ocrx_word' id='word_1_135' title='bbox 2191 2002 2211 2036; x_wconf 93' lang='lat'><strong>,</strong></span> <span class='ocrx_word' id='word_1_136' title='bbox 2258 1975 2415 2039; x_wconf 80' lang='lat' dir='ltr'><strong>quas</strong></span> <span class='ocrx_word' id='word_1_137' title='bbox 2455 1953 2523 2018; x_wconf 91' lang='lat' dir='ltr'><strong>in</strong></span> <span class='ocrx_word' id='word_1_138' title='bbox 2560 1951 2823 2016; x_wconf 82' lang='lat' dir='ltr'><strong>funda-</strong></span> 
     </span>
     <span class='ocr_line' id='line_1_18' title="bbox 397 2050 2825 2138; baseline 0.001 -23"><span class='ocrx_word' id='word_1_139' title='bbox 397 2051 574 2116; x_wconf 88' lang='lat' dir='ltr'><strong>tione</strong></span> <span class='ocrx_word' id='word_1_140' title='bbox 617 2051 898 2138; x_wconf 84' lang='lat' dir='ltr'><strong>adjectas</strong></span> <span class='ocrx_word' id='word_1_141' title='bbox 947 2073 1088 2116; x_wconf 88' lang='lat' dir='ltr'><strong>esse</strong></span> <span class='ocrx_word' id='word_1_142' title='bbox 1131 2063 1398 2118; x_wconf 88' lang='lat' dir='ltr'><strong>constet.</strong></span> <span class='ocrx_word' id='word_1_143' title='bbox 1481 2053 1855 2120; x_wconf 86' lang='lat' dir='ltr'><strong>Laudabilis</strong></span> <span class='ocrx_word' id='word_1_144' title='bbox 1900 2077 2057 2120; x_wconf 89' lang='lat' dir='ltr'><strong>vero</strong></span> <span class='ocrx_word' id='word_1_145' title='bbox 2101 2052 2497 2121; x_wconf 88' lang='lat' dir='ltr'><strong>consuetudo</strong></span> <span class='ocrx_word' id='word_1_146' title='bbox 2515 2103 2535 2136; x_wconf 97' lang='lat'><strong>,</strong></span> <span class='ocrx_word' id='word_1_147' title='bbox 2583 2050 2825 2118; x_wconf 86' lang='lat' dir='ltr'><strong>Cano-</strong></span> 
     </span>
     <span class='ocr_line' id='line_1_19' title="bbox 400 2151 2827 2241; baseline 0.001 -24"><span class='ocrx_word' id='word_1_148' title='bbox 400 2151 647 2217; x_wconf 89' lang='lat' dir='ltr'><strong>nicatus</strong></span> <span class='ocrx_word' id='word_1_149' title='bbox 687 2152 951 2241; x_wconf 90' lang='lat' dir='ltr'><strong>publico</strong></span> <span class='ocrx_word' id='word_1_150' title='bbox 995 2152 1240 2219; x_wconf 88' lang='lat' dir='ltr'><strong>indicto</strong></span> <span class='ocrx_word' id='word_1_151' title='bbox 1283 2177 1603 2221; x_wconf 89' lang='lat' dir='ltr'><strong>concursu</strong></span> <span class='ocrx_word' id='word_1_152' title='bbox 1650 2155 2026 2222; x_wconf 88' lang='lat' dir='ltr'><strong>conferendi</strong></span> <span class='ocrx_word' id='word_1_153' title='bbox 2040 2203 2062 2239; x_wconf 95' lang='lat'><strong>,</strong></span> <span class='ocrx_word' id='word_1_154' title='bbox 2106 2155 2219 2221; x_wconf 90' lang='lat' dir='ltr'><strong>ubi</strong></span> <span class='ocrx_word' id='word_1_155' title='bbox 2256 2155 2473 2241; x_wconf 89' lang='lat' dir='ltr'><strong>viget,</strong></span> <span class='ocrx_word' id='word_1_156' title='bbox 2516 2153 2827 2240; x_wconf 83' lang='lat' dir='ltr'><strong>diligen-</strong></span> 
     </span>
     <span class='ocr_line' id='line_1_20' title="bbox 398 2254 1056 2321; baseline 0.003 -3"><span class='ocrx_word' id='word_1_157' title='bbox 398 2262 501 2320; x_wconf 89' lang='lat' dir='ltr'><strong>ter</strong></span> <span class='ocrx_word' id='word_1_158' title='bbox 550 2254 1056 2321; x_wconf 82' lang='lat' dir='ltr'><strong>conservabitur.</strong></span> 
     </span>
    </p>

    <p class='ocr_par' dir='ltr' id='par_1_4' title="bbox 395 2353 2833 3045">
     <span class='ocr_line' id='line_1_21' title="bbox 569 2353 2833 2445; baseline 0 -25"><span class='ocrx_word' id='word_1_159' title='bbox 569 2355 718 2422; x_wconf 88' lang='lat' dir='ltr'><strong>Art.</strong></span> <span class='ocrx_word' id='word_1_160' title='bbox 763 2353 1023 2420; x_wconf 90' lang='lat' dir='ltr'><strong>XXIII.</strong></span> <span class='ocrx_word' id='word_1_161' title='bbox 1108 2354 1190 2420; x_wconf 92' lang='lat' dir='ltr'><strong>In</strong></span> <span class='ocrx_word' id='word_1_162' title='bbox 1223 2354 1535 2422; x_wconf 87' lang='lat' dir='ltr'><strong>Ecclesiis</strong></span> <span class='ocrx_word' id='word_1_163' title='bbox 1584 2355 2105 2443; x_wconf 87' lang='lat' dir='ltr'><strong>Metropolitanis</strong></span> <span class='ocrx_word' id='word_1_164' title='bbox 2162 2363 2230 2420; x_wconf 88' lang='lat' dir='ltr'><strong>et</strong></span> <span class='ocrx_word' id='word_1_165' title='bbox 2288 2354 2833 2445; x_wconf 73' lang='lat' dir='ltr'><strong>EpiscopalibuS,</strong></span> 
     </span>
     <span class='ocr_line' id='line_1_22' title="bbox 397 2453 2821 2542; baseline 0 -21"><span class='ocrx_word' id='word_1_166' title='bbox 397 2455 509 2523; x_wconf 90' lang='lat' dir='ltr'><strong>ubi</strong></span> <span class='ocrx_word' id='word_1_167' title='bbox 552 2456 799 2540; x_wconf 88' lang='lat' dir='ltr'><strong>desint,</strong></span> <span class='ocrx_word' id='word_1_168' title='bbox 866 2464 1006 2521; x_wconf 87' lang='lat' dir='ltr'><strong>tum</strong></span> <span class='ocrx_word' id='word_1_169' title='bbox 1051 2453 1415 2521; x_wconf 87' lang='lat' dir='ltr'><strong>Canonicus</strong></span> <span class='ocrx_word' id='word_1_170' title='bbox 1458 2456 2005 2524; x_wconf 86' lang='lat' dir='ltr'><strong>Poenitentiarius</strong></span> <span class='ocrx_word' id='word_1_171' title='bbox 2048 2465 2186 2522; x_wconf 84' lang='lat' dir='ltr'><strong>tum</strong></span> <span class='ocrx_word' id='word_1_172' title='bbox 2229 2455 2650 2542; x_wconf 85' lang='lat' dir='ltr'><strong>Theologalis</strong></span> <span class='ocrx_word' id='word_1_173' title='bbox 2665 2505 2690 2540; x_wconf 93' lang='lat'><strong>,</strong></span> <span class='ocrx_word' id='word_1_174' title='bbox 2740 2457 2821 2521; x_wconf 91' lang='lat' dir='ltr'><strong>in</strong></span> 
     </span>
     <span class='ocr_line' id='line_1_23' title="bbox 401 2555 2820 2645; baseline 0 -23"><span class='ocrx_word' id='word_1_175' title='bbox 401 2555 783 2645; x_wconf 85' lang='lat' dir='ltr'><strong>Collegiatis</strong></span> <span class='ocrx_word' id='word_1_176' title='bbox 842 2579 1000 2622; x_wconf 90' lang='lat' dir='ltr'><strong>vero</strong></span> <span class='ocrx_word' id='word_1_177' title='bbox 1058 2557 1480 2644; x_wconf 85' lang='lat' dir='ltr'><strong>Theologalis</strong></span> <span class='ocrx_word' id='word_1_178' title='bbox 1544 2555 1908 2622; x_wconf 85' lang='lat' dir='ltr'><strong>Canonicus</strong></span> <span class='ocrx_word' id='word_1_179' title='bbox 1958 2558 2151 2642; x_wconf 86' lang='lat' dir='ltr'><strong>juxta</strong></span> <span class='ocrx_word' id='word_1_180' title='bbox 2191 2557 2459 2624; x_wconf 90' lang='lat' dir='ltr'><strong>modum</strong></span> <span class='ocrx_word' id='word_1_181' title='bbox 2507 2581 2549 2621; x_wconf 86' lang='lat' dir='ltr'><strong>a</strong></span> <span class='ocrx_word' id='word_1_182' title='bbox 2613 2579 2820 2622; x_wconf 86' lang='lat' dir='ltr'><strong>sacro</strong></span> 
     </span>
     <span class='ocr_line' id='line_1_24' title="bbox 395 2654 2818 2746; baseline -0 -23"><span class='ocrx_word' id='word_1_183' title='bbox 395 2658 778 2724; x_wconf 85' lang='lat' dir='ltr'><strong>Tridentino</strong></span> <span class='ocrx_word' id='word_1_184' title='bbox 819 2655 1112 2722; x_wconf 84' lang='lat' dir='ltr'><strong>Concilio</strong></span> <span class='ocrx_word' id='word_1_185' title='bbox 1153 2658 1627 2746; x_wconf 90' lang='lat' dir='ltr'><strong>praescriptum</strong></span> <span class='ocrx_word' id='word_1_186' title='bbox 1673 2656 1879 2742; x_wconf 85' lang='lat' dir='ltr'><strong>(Sess.</strong></span> <span class='ocrx_word' id='word_1_187' title='bbox 1900 2658 1985 2722; x_wconf 90' lang='lat' dir='ltr'><strong>V.</strong></span> <span class='ocrx_word' id='word_1_188' title='bbox 2031 2681 2083 2723; x_wconf 93' lang='lat' dir='ltr'><strong>c.</strong></span> <span class='ocrx_word' id='word_1_189' title='bbox 2129 2658 2187 2721; x_wconf 90' lang='lat'><strong>1.</strong></span> <span class='ocrx_word' id='word_1_190' title='bbox 2240 2664 2307 2722; x_wconf 88' lang='lat' dir='ltr'><strong>et</strong></span> <span class='ocrx_word' id='word_1_191' title='bbox 2326 2654 2507 2724; x_wconf 77' lang='lat' dir='ltr'><strong>SeSS.</strong></span> <span class='ocrx_word' id='word_1_192' title='bbox 2538 2655 2818 2722; x_wconf 83' lang='lat' dir='ltr'><strong>XXIV.</strong></span> 
     </span>
     <span class='ocr_line' id='line_1_25' title="bbox 397 2756 2819 2846; baseline 0 -24"><span class='ocrx_word' id='word_1_193' title='bbox 397 2781 450 2822; x_wconf 90' lang='lat' dir='ltr'><strong>c.</strong></span> <span class='ocrx_word' id='word_1_194' title='bbox 502 2758 564 2823; x_wconf 89' lang='grc'><strong>8.</strong></span> <span class='ocrx_word' id='word_1_195' title='bbox 609 2759 693 2822; x_wconf 93' lang='lat' dir='ltr'><strong>de</strong></span> <span class='ocrx_word' id='word_1_196' title='bbox 736 2757 1028 2841; x_wconf 89' lang='lat' dir='ltr'><strong>reform.)</strong></span> <span class='ocrx_word' id='word_1_197' title='bbox 1051 2806 1072 2840; x_wconf 93' lang='lat'><strong>,</strong></span> <span class='ocrx_word' id='word_1_198' title='bbox 1113 2767 1186 2821; x_wconf 90' lang='lat' dir='ltr'><strong>ut</strong></span> <span class='ocrx_word' id='word_1_199' title='bbox 1221 2758 1505 2846; x_wconf 90' lang='lat' dir='ltr'><strong>primum</strong></span> <span class='ocrx_word' id='word_1_200' title='bbox 1546 2757 1690 2823; x_wconf 89' lang='lat' dir='ltr'><strong>fieri</strong></span> <span class='ocrx_word' id='word_1_201' title='bbox 1734 2758 2067 2846; x_wconf 80' lang='lat' dir='ltr'><strong>potuerit,</strong></span> <span class='ocrx_word' id='word_1_202' title='bbox 2100 2757 2591 2841; x_wconf 86' lang='lat' dir='ltr'><strong>constituentur,</strong></span> <span class='ocrx_word' id='word_1_203' title='bbox 2636 2756 2819 2845; x_wconf 80' lang='lat' dir='ltr'><strong>Epi-</strong></span> 
     </span>
     <span class='ocr_line' id='line_1_26' title="bbox 399 2854 2816 2944; baseline 0.002 -26"><span class='ocrx_word' id='word_1_204' title='bbox 399 2855 610 2943; x_wconf 88' lang='lat' dir='ltr'><strong>scopis</strong></span> <span class='ocrx_word' id='word_1_205' title='bbox 661 2856 984 2944; x_wconf 88' lang='lat' dir='ltr'><strong>praefatas</strong></span> <span class='ocrx_word' id='word_1_206' title='bbox 1025 2857 1427 2944; x_wconf 88' lang='lat' dir='ltr'><strong>praebendas</strong></span> <span class='ocrx_word' id='word_1_207' title='bbox 1466 2857 1825 2924; x_wconf 89' lang='lat' dir='ltr'><strong>secundum</strong></span> <span class='ocrx_word' id='word_1_208' title='bbox 1867 2858 2163 2944; x_wconf 89' lang='lat' dir='ltr'><strong>ejusdem</strong></span> <span class='ocrx_word' id='word_1_209' title='bbox 2204 2854 2481 2924; x_wconf 85' lang='lat' dir='ltr'><strong>Concilii</strong></span> <span class='ocrx_word' id='word_1_210' title='bbox 2522 2859 2816 2924; x_wconf 70' lang='lat' dir='ltr'><strong>sanctio-</strong></span> 
     </span>
     <span class='ocr_line' id='line_1_27' title="bbox 397 2956 2257 3045; baseline 0.003 -25"><span class='ocrx_word' id='word_1_211' title='bbox 397 2976 514 3022; x_wconf 86' lang='lat' dir='ltr'><strong>nes</strong></span> <span class='ocrx_word' id='word_1_212' title='bbox 563 2967 629 3022; x_wconf 89' lang='lat' dir='ltr'><strong>et</strong></span> <span class='ocrx_word' id='word_1_213' title='bbox 663 2956 1004 3022; x_wconf 90' lang='lat' dir='ltr'><strong>Pontificia</strong></span> <span class='ocrx_word' id='word_1_214' title='bbox 1041 2958 1406 3045; x_wconf 85' lang='lat' dir='ltr'><strong>respective</strong></span> <span class='ocrx_word' id='word_1_215' title='bbox 1454 2958 1717 3024; x_wconf 88' lang='lat' dir='ltr'><strong>decreta</strong></span> <span class='ocrx_word' id='word_1_216' title='bbox 1758 2960 2257 3026; x_wconf 78' lang='lat' dir='ltr'><strong>conferentibus,</strong></span> 
     </span>
    </p>

    <p class='ocr_par' dir='ltr' id='par_1_5' title="bbox 397 3057 2819 3452">
     <span class='ocr_line' id='line_1_28' title="bbox 567 3057 2819 3150; baseline 0.001 -26"><span class='ocrx_word' id='word_1_217' title='bbox 567 3057 714 3124; x_wconf 88' lang='lat' dir='ltr'><strong>Art.</strong></span> <span class='ocrx_word' id='word_1_218' title='bbox 741 3057 996 3124; x_wconf 89' lang='lat' dir='ltr'><strong>XXIV.</strong></span> <span class='ocrx_word' id='word_1_219' title='bbox 1053 3057 1384 3123; x_wconf 88' lang='lat' dir='ltr'><strong>Parochiis</strong></span> <span class='ocrx_word' id='word_1_220' title='bbox 1428 3059 1725 3124; x_wconf 88' lang='lat' dir='ltr'><strong>omnibus</strong></span> <span class='ocrx_word' id='word_1_221' title='bbox 1765 3059 2213 3148; x_wconf 87' lang='lat' dir='ltr'><strong>providebitur</strong></span> <span class='ocrx_word' id='word_1_222' title='bbox 2250 3059 2511 3150; x_wconf 91' lang='lat' dir='ltr'><strong>publico</strong></span> <span class='ocrx_word' id='word_1_223' title='bbox 2554 3058 2819 3126; x_wconf 82' lang='lat' dir='ltr'><strong>indicto</strong></span> 
     </span>
     <span class='ocr_line' id='line_1_29' title="bbox 401 3156 2816 3251; baseline 0.001 -25"><span class='ocrx_word' id='word_1_224' title='bbox 401 3179 718 3226; x_wconf 87' lang='lat' dir='ltr'><strong>concursu</strong></span> <span class='ocrx_word' id='word_1_225' title='bbox 774 3169 841 3225; x_wconf 88' lang='lat' dir='ltr'><strong>et</strong></span> <span class='ocrx_word' id='word_1_226' title='bbox 896 3158 1166 3226; x_wconf 85' lang='lat' dir='ltr'><strong>servatis</strong></span> <span class='ocrx_word' id='word_1_227' title='bbox 1209 3156 1487 3224; x_wconf 85' lang='lat' dir='ltr'><strong>Concilii</strong></span> <span class='ocrx_word' id='word_1_228' title='bbox 1528 3159 1891 3225; x_wconf 84' lang='lat' dir='ltr'><strong>Tridentini</strong></span> <span class='ocrx_word' id='word_1_229' title='bbox 1950 3161 2584 3251; x_wconf 75' lang='lat' dir='ltr'><strong>praescriptionibus·</strong></span> <span class='ocrx_word' id='word_1_230' title='bbox 2662 3161 2816 3228; x_wconf 86' lang='lat' dir='ltr'><strong>Pro</strong></span> 
     </span>
     <span class='ocr_line' id='line_1_30' title="bbox 397 3259 2819 3351; baseline 0.003 -27"><span class='ocrx_word' id='word_1_231' title='bbox 397 3259 722 3350; x_wconf 86' lang='lat' dir='ltr'><strong>parochiis</strong></span> <span class='ocrx_word' id='word_1_232' title='bbox 767 3259 1185 3329; x_wconf 87' lang='lat' dir='ltr'><strong>ecclesiastici</strong></span> <span class='ocrx_word' id='word_1_233' title='bbox 1225 3269 1602 3348; x_wconf 84' lang='lat' dir='ltr'><strong>patronatus</strong></span> <span class='ocrx_word' id='word_1_234' title='bbox 1646 3264 2151 3348; x_wconf 85' lang='lat' dir='ltr'><strong>praesentabunt</strong></span> <span class='ocrx_word' id='word_1_235' title='bbox 2184 3262 2441 3351; x_wconf 88' lang='lat' dir='ltr'><strong>patroni</strong></span> <span class='ocrx_word' id='word_1_236' title='bbox 2473 3285 2674 3328; x_wconf 88' lang='lat' dir='ltr'><strong>unum</strong></span> <span class='ocrx_word' id='word_1_237' title='bbox 2718 3286 2819 3331; x_wconf 83' lang='lat' dir='ltr'><strong>ex</strong></span> 
     </span>
     <span class='ocr_line' id='line_1_31' title="bbox 398 3360 2675 3452; baseline 0.001 -26"><span class='ocrx_word' id='word_1_238' title='bbox 398 3360 626 3445; x_wconf 88' lang='lat' dir='ltr'><strong>tribus,</strong></span> <span class='ocrx_word' id='word_1_239' title='bbox 669 3383 830 3446; x_wconf 86' lang='lat' dir='ltr'><strong>quos</strong></span> <span class='ocrx_word' id='word_1_240' title='bbox 873 3363 1236 3452; x_wconf 87' lang='lat' dir='ltr'><strong>Episcopus</strong></span> <span class='ocrx_word' id='word_1_241' title='bbox 1283 3361 1610 3428; x_wconf 88' lang='lat' dir='ltr'><strong>enuntiata</strong></span> <span class='ocrx_word' id='word_1_242' title='bbox 1652 3362 1953 3450; x_wconf 89' lang='lat' dir='ltr'><strong>superius</strong></span> <span class='ocrx_word' id='word_1_243' title='bbox 1994 3364 2204 3430; x_wconf 87' lang='lat' dir='ltr'><strong>forma</strong></span> <span class='ocrx_word' id='word_1_244' title='bbox 2243 3361 2675 3452; x_wconf 89' lang='lat' dir='ltr'><strong>proposuerit.</strong></span> 
     </span>
    </p>

    <p class='ocr_par' dir='ltr' id='par_1_6' title="bbox 398 3461 2813 4236">
     <span class='ocr_line' id='line_1_32' title="bbox 564 3461 2812 3549; baseline 0.001 -22"><span class='ocrx_word' id='word_1_245' title='bbox 564 3461 712 3527; x_wconf 87' lang='lat' dir='ltr'><strong>Art.</strong></span> <span class='ocrx_word' id='word_1_246' title='bbox 753 3461 972 3526; x_wconf 89' lang='lat' dir='ltr'><strong>XXV.</strong></span> <span class='ocrx_word' id='word_1_247' title='bbox 1059 3463 1377 3530; x_wconf 85' lang='lat' dir='ltr'><strong>Sanctitas</strong></span> <span class='ocrx_word' id='word_1_248' title='bbox 1421 3463 1561 3530; x_wconf 77' lang='lat' dir='ltr'><strong>Sua</strong></span> <span class='ocrx_word' id='word_1_249' title='bbox 1579 3513 1600 3547; x_wconf 93' lang='lat'><strong>,</strong></span> <span class='ocrx_word' id='word_1_250' title='bbox 1660 3472 1735 3527; x_wconf 89' lang='lat' dir='ltr'><strong>ut</strong></span> <span class='ocrx_word' id='word_1_251' title='bbox 1774 3463 2121 3549; x_wconf 87' lang='lat' dir='ltr'><strong>singularis</strong></span> <span class='ocrx_word' id='word_1_252' title='bbox 2163 3463 2657 3531; x_wconf 85' lang='lat' dir='ltr'><strong>benevolentiae</strong></span> <span class='ocrx_word' id='word_1_253' title='bbox 2700 3473 2812 3530; x_wconf 83' lang='lat' dir='ltr'><strong>te-</strong></span> 
     </span>
     <span class='ocr_line' id='line_1_33' title="bbox 398 3561 2813 3654; baseline 0.001 -26"><span class='ocrx_word' id='word_1_254' title='bbox 398 3562 771 3629; x_wconf 90' lang='lat' dir='ltr'><strong>stimonium</strong></span> <span class='ocrx_word' id='word_1_255' title='bbox 814 3561 1233 3650; x_wconf 88' lang='lat' dir='ltr'><strong>Apostolicae</strong></span> <span class='ocrx_word' id='word_1_256' title='bbox 1284 3561 1612 3629; x_wconf 87' lang='lat' dir='ltr'><strong>Francisci</strong></span> <span class='ocrx_word' id='word_1_257' title='bbox 1658 3563 1708 3631; x_wconf 87' lang='lat' dir='ltr'><strong>J</strong></span> <span class='ocrx_word' id='word_1_258' title='bbox 1710 3564 1937 3653; x_wconf 89' lang='lat' dir='ltr'><strong>osephi</strong></span> <span class='ocrx_word' id='word_1_259' title='bbox 1990 3563 2408 3654; x_wconf 84' lang='lat' dir='ltr'><strong>Imperatoris</strong></span> <span class='ocrx_word' id='word_1_260' title='bbox 2468 3572 2535 3628; x_wconf 88' lang='lat' dir='ltr'><strong>et</strong></span> <span class='ocrx_word' id='word_1_261' title='bbox 2585 3563 2813 3650; x_wconf 86' lang='lat' dir='ltr'><strong>Regis</strong></span> 
     </span>
     <span class='ocr_line' id='line_1_34' title="bbox 401 3661 2808 3753; baseline 0 -22"><span class='ocrx_word' id='word_1_262' title='bbox 401 3663 729 3750; x_wconf 86' lang='lat' dir='ltr'><strong>Majestati</strong></span> <span class='ocrx_word' id='word_1_263' title='bbox 767 3664 1096 3753; x_wconf 86' lang='lat' dir='ltr'><strong>praebeat,</strong></span> <span class='ocrx_word' id='word_1_264' title='bbox 1134 3661 1371 3728; x_wconf 87' lang='lat' dir='ltr'><strong>Eidem</strong></span> <span class='ocrx_word' id='word_1_265' title='bbox 1411 3673 1602 3750; x_wconf 86' lang='lat' dir='ltr'><strong>atquc</strong></span> <span class='ocrx_word' id='word_1_266' title='bbox 1648 3665 1975 3730; x_wconf 86' lang='lat' dir='ltr'><strong>catholicis</strong></span> <span class='ocrx_word' id='word_1_267' title='bbox 2004 3665 2163 3752; x_wconf 89' lang='lat' dir='ltr'><strong>Ejus</strong></span> <span class='ocrx_word' id='word_1_268' title='bbox 2202 3665 2273 3730; x_wconf 91' lang='lat' dir='ltr'><strong>in</strong></span> <span class='ocrx_word' id='word_1_269' title='bbox 2308 3663 2593 3753; x_wconf 85' lang='lat' dir='ltr'><strong>Imperio</strong></span> <span class='ocrx_word' id='word_1_270' title='bbox 2628 3661 2808 3731; x_wconf 84' lang='lat' dir='ltr'><strong>Suc-</strong></span> 
     </span>
     <span class='ocr_line' id='line_1_35' title="bbox 399 3762 2805 3846; baseline -0 -15"><span class='ocrx_word' id='word_1_271' title='bbox 399 3763 763 3831; x_wconf 88' lang='lat' dir='ltr'><strong>cessoribus</strong></span> <span class='ocrx_word' id='word_1_272' title='bbox 803 3764 1128 3828; x_wconf 88' lang='lat' dir='ltr'><strong>indultum</strong></span> <span class='ocrx_word' id='word_1_273' title='bbox 1174 3762 1471 3828; x_wconf 88' lang='lat' dir='ltr'><strong>concedit</strong></span> <span class='ocrx_word' id='word_1_274' title='bbox 1485 3812 1505 3846; x_wconf 90' lang='lat'><strong>,</strong></span> <span class='ocrx_word' id='word_1_275' title='bbox 1546 3765 1922 3831; x_wconf 90' lang='lat' dir='ltr'><strong>nominandi</strong></span> <span class='ocrx_word' id='word_1_276' title='bbox 1964 3767 2048 3831; x_wconf 90' lang='lat' dir='ltr'><strong>ad</strong></span> <span class='ocrx_word' id='word_1_277' title='bbox 2092 3787 2316 3832; x_wconf 88' lang='lat' dir='ltr'><strong>omnes</strong></span> <span class='ocrx_word' id='word_1_278' title='bbox 2360 3763 2805 3830; x_wconf 82' lang='lat' dir='ltr'><strong>Canonicatus</strong></span> 
     </span>
     <span class='ocr_line' id='line_1_36' title="bbox 401 3863 2808 3952; baseline -0 -21"><span class='ocrx_word' id='word_1_279' title='bbox 401 3875 468 3931; x_wconf 89' lang='lat' dir='ltr'><strong>et</strong></span> <span class='ocrx_word' id='word_1_280' title='bbox 512 3863 881 3949; x_wconf 74' lang='lat' dir='ltr'><strong>ParochiaS,</strong></span> <span class='ocrx_word' id='word_1_281' title='bbox 927 3885 1090 3950; x_wconf 88' lang='lat' dir='ltr'><strong>quae</strong></span> <span class='ocrx_word' id='word_1_282' title='bbox 1125 3863 1261 3951; x_wconf 89' lang='lat' dir='ltr'><strong>juri</strong></span> <span class='ocrx_word' id='word_1_283' title='bbox 1301 3874 1679 3952; x_wconf 83' lang='lat' dir='ltr'><strong>patronatus</strong></span> <span class='ocrx_word' id='word_1_284' title='bbox 1722 3889 1812 3932; x_wconf 81' lang='lat' dir='ltr'><strong>ex</strong></span> <span class='ocrx_word' id='word_1_285' title='bbox 1851 3867 2053 3933; x_wconf 89' lang='lat' dir='ltr'><strong>fundo</strong></span> <span class='ocrx_word' id='word_1_286' title='bbox 2094 3865 2457 3952; x_wconf 86' lang='lat' dir='ltr'><strong>Religionis</strong></span> <span class='ocrx_word' id='word_1_287' title='bbox 2500 3887 2618 3930; x_wconf 86' lang='lat' dir='ltr'><strong>seu</strong></span> <span class='ocrx_word' id='word_1_288' title='bbox 2660 3873 2808 3930; x_wconf 87' lang='lat' dir='ltr'><strong>stu-</strong></span> 
     </span>
     <span class='ocr_line' id='line_1_37' title="bbox 404 3954 2805 4054; baseline 0 -22"><span class='ocrx_word' id='word_1_289' title='bbox 404 3964 659 4032; x_wconf 88' lang='lat' dir='ltr'><strong>diorum</strong></span> <span class='ocrx_word' id='word_1_290' title='bbox 699 3962 1019 4032; x_wconf 88' lang='lat' dir='ltr'><strong>derivanti</strong></span> <span class='ocrx_word' id='word_1_291' title='bbox 1058 3954 1349 4049; x_wconf 87' lang='lat' dir='ltr'><strong>subsunt,</strong></span> <span class='ocrx_word' id='word_1_292' title='bbox 1391 3963 1481 4030; x_wconf 86' lang='lat' dir='ltr'><strong>ita</strong></span> <span class='ocrx_word' id='word_1_293' title='bbox 1518 3975 1773 4050; x_wconf 90' lang='lat' dir='ltr'><strong>tamen,</strong></span> <span class='ocrx_word' id='word_1_294' title='bbox 1802 3977 1876 4032; x_wconf 85' lang='lat' dir='ltr'><strong>ut</strong></span> <span class='ocrx_word' id='word_1_295' title='bbox 1912 3968 2147 4054; x_wconf 86' lang='lat' dir='ltr'><strong>seligat</strong></span> <span class='ocrx_word' id='word_1_296' title='bbox 2189 3991 2393 4035; x_wconf 90' lang='lat' dir='ltr'><strong>unum</strong></span> <span class='ocrx_word' id='word_1_297' title='bbox 2440 3989 2528 4032; x_wconf 85' lang='lat' dir='ltr'><strong>ex</strong></span> <span class='ocrx_word' id='word_1_298' title='bbox 2562 3967 2805 4052; x_wconf 83' lang='lat' dir='ltr'><strong>tribus,</strong></span> 
     </span>
     <span class='ocr_line' id='line_1_38' title="bbox 405 4064 2807 4158; baseline 0 -24"><span class='ocrx_word' id='word_1_299' title='bbox 405 4085 566 4154; x_wconf 86' lang='lat' dir='ltr'><strong>quos</strong></span> <span class='ocrx_word' id='word_1_300' title='bbox 609 4064 872 4157; x_wconf 89' lang='lat' dir='ltr'><strong>publico</strong></span> <span class='ocrx_word' id='word_1_301' title='bbox 917 4087 1232 4136; x_wconf 83' lang='lat' dir='ltr'><strong>concursu</strong></span> <span class='ocrx_word' id='word_1_302' title='bbox 1275 4067 1493 4135; x_wconf 88' lang='lat' dir='ltr'><strong>habito</strong></span> <span class='ocrx_word' id='word_1_303' title='bbox 1540 4067 1901 4158; x_wconf 85' lang='lat' dir='ltr'><strong>Episcopus</strong></span> <span class='ocrx_word' id='word_1_304' title='bbox 1964 4068 2196 4134; x_wconf 81' lang='lat' dir='ltr'><strong>ceteris</strong></span> <span class='ocrx_word' id='word_1_305' title='bbox 2253 4066 2589 4154; x_wconf 84' lang='lat' dir='ltr'><strong>digniores</strong></span> <span class='ocrx_word' id='word_1_306' title='bbox 2628 4067 2807 4134; x_wconf 80' lang='lat' dir='ltr'><strong>iudi-</strong></span> 
     </span>
     <span class='ocr_line' id='line_1_39' title="bbox 405 4169 2645 4236; baseline -0 -2"><span class='ocrx_word' id='word_1_307' title='bbox 405 4169 666 4236; x_wconf 89' lang='lat' dir='ltr'><strong>caverit.</strong></span> <span class='ocrx_word' id='word_1_308' title='bbox 2638 4199 2645 4202; x_wconf 97' lang='lat'>·</span> 
     </span>
    </p>

    <p class='ocr_par' dir='ltr' id='par_1_7' title="bbox 398 4269 2815 4564">
     <span class='ocr_line' id='line_1_40' title="bbox 570 4269 2815 4362; baseline 0.001 -26"><span class='ocrx_word' id='word_1_309' title='bbox 570 4269 717 4336; x_wconf 91' lang='lat' dir='ltr'><strong>Art.</strong></span> <span class='ocrx_word' id='word_1_310' title='bbox 760 4269 1014 4337; x_wconf 88' lang='lat' dir='ltr'><strong>XXVI.</strong></span> <span class='ocrx_word' id='word_1_311' title='bbox 1099 4269 1432 4341; x_wconf 86' lang='lat' dir='ltr'><strong>Parochiis</strong></span> <span class='ocrx_word' id='word_1_312' title='bbox 1452 4319 1472 4356; x_wconf 92' lang='lat'><strong>,</strong></span> <span class='ocrx_word' id='word_1_313' title='bbox 1537 4292 1699 4357; x_wconf 87' lang='lat' dir='ltr'><strong>quae</strong></span> <span class='ocrx_word' id='word_1_314' title='bbox 1742 4293 2100 4359; x_wconf 86' lang='lat' dir='ltr'><strong>congruam</strong></span> <span class='ocrx_word' id='word_1_315' title='bbox 2158 4292 2279 4362; x_wconf 90' lang='lat' dir='ltr'><strong>pro</strong></span> <span class='ocrx_word' id='word_1_316' title='bbox 2322 4281 2692 4362; x_wconf 82' lang='lat' dir='ltr'><strong>temporum</strong></span> <span class='ocrx_word' id='word_1_317' title='bbox 2740 4282 2815 4338; x_wconf 85' lang='lat' dir='ltr'><strong>et</strong></span> 
     </span>
     <span class='ocr_line' id='line_1_41' title="bbox 398 4370 2811 4462; baseline 0 -25"><span class='ocrx_word' id='word_1_318' title='bbox 398 4372 694 4438; x_wconf 89' lang='lat' dir='ltr'><strong>locorum</strong></span> <span class='ocrx_word' id='word_1_319' title='bbox 734 4371 984 4438; x_wconf 87' lang='lat' dir='ltr'><strong>ratione</strong></span> <span class='ocrx_word' id='word_1_320' title='bbox 1030 4371 1460 4440; x_wconf 79' lang='lat' dir='ltr'><strong>sufficientem</strong></span> <span class='ocrx_word' id='word_1_321' title='bbox 1499 4394 1631 4437; x_wconf 88' lang='lat' dir='ltr'><strong>non</strong></span> <span class='ocrx_word' id='word_1_322' title='bbox 1673 4373 1954 4440; x_wconf 87' lang='lat' dir='ltr'><strong>habeant</strong></span> <span class='ocrx_word' id='word_1_323' title='bbox 1966 4419 1987 4458; x_wconf 91' lang='lat'><strong>,</strong></span> <span class='ocrx_word' id='word_1_324' title='bbox 2052 4370 2169 4440; x_wconf 88' lang='lat' dir='ltr'><strong>dos</strong></span> <span class='ocrx_word' id='word_1_325' title='bbox 2186 4421 2207 4457; x_wconf 87' lang='lat'><strong>,</strong></span> <span class='ocrx_word' id='word_1_326' title='bbox 2264 4395 2458 4460; x_wconf 78' lang='lat' dir='ltr'><strong>quam</strong></span> <span class='ocrx_word' id='word_1_327' title='bbox 2518 4372 2811 4462; x_wconf 86' lang='lat' dir='ltr'><strong>primum</strong></span> 
     </span>
     <span class='ocr_line' id='line_1_42' title="bbox 401 4469 2809 4564; baseline 0.001 -25"><span class='ocrx_word' id='word_1_328' title='bbox 401 4470 548 4540; x_wconf 80' lang='lat' dir='ltr'><strong>fieri</strong></span> <span class='ocrx_word' id='word_1_329' title='bbox 589 4469 848 4560; x_wconf 86' lang='lat' dir='ltr'><strong>poterit,</strong></span> <span class='ocrx_word' id='word_1_330' title='bbox 894 4474 1239 4558; x_wconf 84' lang='lat' dir='ltr'><strong>augebitur</strong></span> <span class='ocrx_word' id='word_1_331' title='bbox 1283 4481 1350 4538; x_wconf 87' lang='lat' dir='ltr'><strong>et</strong></span> <span class='ocrx_word' id='word_1_332' title='bbox 1387 4473 1685 4564; x_wconf 84' lang='lat' dir='ltr'><strong>parochis</strong></span> <span class='ocrx_word' id='word_1_333' title='bbox 1736 4473 2069 4540; x_wconf 85' lang='lat' dir='ltr'><strong>catholicis</strong></span> <span class='ocrx_word' id='word_1_334' title='bbox 2105 4473 2269 4542; x_wconf 86' lang='lat' dir='ltr'><strong>ritus</strong></span> <span class='ocrx_word' id='word_1_335' title='bbox 2314 4472 2647 4542; x_wconf 85' lang='lat' dir='ltr'><strong>orientalis</strong></span> <span class='ocrx_word' id='word_1_336' title='bbox 2690 4495 2809 4542; x_wconf 82' lang='lat' dir='ltr'><strong>eo·</strong></span> 
     </span>
    </p>
   </div>
  </div>
 </body>
</html>
