2959 4984
510 259 582 312 60
1048 261 1163 311 vn.
1237 259 1693 314 CAPITULARE
1736 263 2354 320 ECCLESIASTICUM

779 427 943 482 Conc.
983 428 1167 484 Carth.
1217 447 1335 484 can.
1373 431 1424 486 5.
1487 430 1749 484 Aurelius
1782 431 2093 502 Episcopus
2144 434 2320 489 dixit:
2374 435 2703 493 Avaritiae
2755 459 2897 510 cup

708 528 814 585 tas,
853 539 1018 590 quam
1055 523 1300 578 omnium
1338 524 1610 578 malorum
1636 527 1870 576 matrem
1908 540 2029 580 esse
2064 541 2225 578 nemo
2265 526 2359 594 qui
2398 527 2658 596 dubitet,
2710 529 2897 597 proi:

709 613 1010 666 inhibenda
1049 619 1151 680 est,
1190 631 1259 668 ne
1303 612 1424 683 quis
1460 614 1668 667 alienos
1704 613 1839 666 fines
1876 618 2141 684 usurpet.
2180 618 2276 668 aut
2310 632 2413 684 per
2451 615 2829 684 praemium
2882 621 2897 668 1

709 700 885 754 minos
927 705 1148 768 patrum
1203 704 1442 754 statutos
1495 701 1885 769 transcendat3
1940 719 2043 756 nec
2098 701 2319 754 omnino
2368 703 2642 770 cuiquam
2700 703 2897 757 Cleri

713 805 835 840 rum
870 789 1036 841 liceat
1069 787 1140 842 de
1181 789 1430 856 qualibet
1462 805 1525 841 re
1563 788 1755 842 foenus
1794 788 2063 858 accipere.
2114 788 2457 857 Quamquam
2492 792 2799 843 novellae
2856 810 2897 843 ε’

710 876 990 944 gestiones
1012 915 1025 940 ,
1077 893 1218 944 quae
1268 878 1357 930 vel
1413 875 1698 930 obscurae
1740 880 1897 942 sunt,
1956 876 2046 931 vel
2082 878 2183 930 sub
2224 894 2426 946 genere
2460 879 2655 932 latent
2686 920 2703 947 ,
2776 880 2896 948 ins]

708 967 830 1016 ctae
887 979 920 1016 a
967 965 1128 1016 nobis
1175 964 1412 1016 formam
1465 964 1779 1033 accipient3
1830 968 2109 1019 caeterum
2130 1005 2143 1030 ‚
2194 965 2273 1034 de}
2312 966 2512 1033 quibus
2563 968 2896 1035 apel-tissi:

711 1051 990 1119 scriptura
1029 1051 1216 1105 divina
1251 1052 1474 1120 sanxit,
1512 1069 1625 1105 non
1668 1052 1897 1106 ferenda
1938 1053 2217 1106 sententia
2252 1057 2365 1120 est,
2421 1053 2519 1106 sed
2564 1055 2793 1122 potius
2842 1074 2897 1108 e:

708 1137 942 1206 quenda.
981 1137 1223 1191 Proinde
1261 1137 1408 1206 quod
1444 1138 1504 1191 in
1538 1138 1695 1192 laicis
1736 1138 2183 1208 reprehenditur,
2218 1139 2277 1192 id
2315 1140 2492 1192 multo
2528 1141 2737 1209 magis
2782 1142 2897 1195 del

708 1226 766 1277 in
804 1225 1030 1278 Clericis
1065 1225 1470 1293 praedamnari.

1506 1377 1909 1433 OMNIBUS.

681 1495 1001 1560 XXXIV.
1087 1498 1254 1562 Item
1293 1500 1361 1563 in
1403 1498 1670 1582 eodem,
1719 1499 1802 1563 de
1844 1498 1945 1563 his
1990 1499 2099 1582 qui
2139 1499 2206 1562 in
2246 1497 2536 1584 periculo
2586 1499 2897 1562 constitu

523 1604 706 1677 sunt,
772 1605 835 1659 et
877 1607 1258 1662 convertunt
1304 1621 1372 1664 se
1415 1599 1496 1664 ad
1540 1599 1789 1682 Deum,
1858 1608 1931 1662 ut
1974 1598 2275 1664 canonice
2318 1598 2651 1682 inquirant
2697 1619 2897 1662 rece]

514 1695 916 1777 eiliationem,
965 1708 1030 1762 et
1077 1698 1377 1764 canonice
1419 1700 1934 1764 reconcilientur.

781 1813 946 1871 Cone.
991 1817 1176 1872 Carth.
1233 1835 1352 1872 can.
1391 1818 1440 1872 7.
1498 1818 1757 1872 Aurelius
1816 1817 2128 1886 Episcopus
2188 1817 2362 1870 dixit:
2428 1817 2487 1870 Si
2522 1817 2841 1884 quisquam
2888 1817 2897 1870 ἑ

712 1904 964 1974 periculo
999 1903 1168 1958 fuerit
1201 1905 1556 1972 constitutus,
1598 1909 1655 1958 et
1702 1922 1761 1958 se
1798 1904 2151 1958 reconciliari
2186 1904 2389 1957 divinis
2426 1903 2710 1957 altaribus
2752 1905 2897 1972 peti·

712 1993 788 2046 rit
810 2033 823 2059 ‚
881 1992 988 2046 etsi
1020 1992 1334 2062 Episcopus
1375 1993 1575 2046 absens
1621 1992 1793 2047 fuerit
1808 2032 1821 2058 ‚
1872 1991 2041 2046 debet
2072 1992 2266 2060 utique
2300 1991 2599 2059 Presbyter
2628 1992 2897 2044 consulei

711 2080 1081 2150 Episcopum,
1136 2084 1194 2134 et
1229 2081 1308 2134 sic
1343 2080 1753 2149 periclitantem
1788 2080 1904 2132 eius
1939 2083 2242 2149 praecepto
2280 2078 2666 2132 reconciliare.
2748 2077 2897 2144 Qua]

714 2186 852 2225 rem-
870 2169 1134 2222 debemus
1172 2168 1382 2222 salubri
1417 2167 1648 2222 consilio
1683 2167 1963 2220 roborare.
2053 2166 2142 2221 Ab
2182 2165 2457 2219 universis
2491 2165 2798 2234 Episcopis
2844 2167 2897 2220 dj

715 2260 867 2311 ctum
905 2260 1005 2310 est.
1074 2254 1269 2310 Placet
1305 2255 1455 2324 quod
1498 2255 1763 2309 sanctitas
1809 2259 1995 2308 vestra
2028 2253 2341 2308 necessario
2380 2270 2483 2306 nos
2514 2253 2803 2306 instruere
2844 2253 2897 2306 di

715 2349 885 2414 gnata
922 2347 1024 2396 est.

1517 2463 1921 2519 OMNIBUS.

683 2578 968 2644 XXXV.
1048 2569 1222 2638 'Item
1276 2572 1345 2635 in
1397 2570 1669 2650 eodem,
1735 2575 1807 2632 ut
1852 2568 1947 2632 illi
1994 2567 2101 2650 qui
2144 2588 2274 2630 non
2320 2573 2470 2629 sunt
2510 2567 2717 2629 bonae
2766 2587 2896 2628 con

522 2678 937 2758 versationiS‚
1000 2685 1066 2738 et
1109 2696 1332 2738 eorum
1375 2670 1507 2735 vita
1558 2678 1655 2732 est
1695 2666 2103 2749 accusabilis,
2168 2677 2242 2732 ut
2284 2688 2415 2730 non
2458 2664 2738 2728 audeant
2780 2664 2897 2750 epi·

527 2803 756 2866 scopos
799 2778 906 2840 vel
951 2777 1232 2840 maiores
1268 2780 1422 2836 natu
1459 2790 1781 2834 accusare.

789 2896 954 2949 Cone.
995 2894 1179 2948 Carth.
1223 2909 1343 2947 can.
1383 2892 1434 2945 8.
1492 2889 1753 2944 Aurelius
1788 2885 2103 2955 Episcopus
2140 2884 2314 2938 dixit:
2384 2883 2576 2937 Placet
2612 2883 2786 2951 igitur
2822 2900 2897 2937 ca·

717 2985 875 3040 ritati
909 2987 1128 3037 vestrae
1163 2985 1228 3034 ut
1259 2981 1306 3033 is
1349 2979 1442 3048 qui
1479 2976 1755 3045 aliquibus
1792 2972 2088 3027 sceleribus
2130 2971 2392 3024 inretitus
2430 2975 2546 3038 est,
2585 2987 2777 3024 vocem
2810 2971 2897 3024 ad·

717 3089 907 3129 versus
943 3071 1208 3124 maiorem
1243 3071 1382 3121 natu
1413 3083 1530 3120 non
1564 3051 1769 3117 habeat
1800 3060 2133 3116 accusandi?
2182 3057 2271 3112 Ab
2308 3058 2578 3111 universis
2610 3058 2897 3127 Episcopis

721 3163 935 3219 dictum
973 3161 1084 3212 est:
1127 3157 1186 3211 Si
1219 3155 1549 3210 criminosus
1592 3156 1693 3217 est,
1731 3167 1845 3204 non
1882 3149 2227 3202 admittatur.
2306 3146 2515 3200 Placet.

1501 3310 1911 3368 OMNIBUS.

693 3443 1014 3510 XXXVI.
1089 3441 1257 3506 Item
1297 3438 1365 3500 in
1406 3434 1659 3512 eodem,
1701 3441 1775 3495 ut
1818 3431 1925 3515 qui
1964 3429 2515 3495 excommunicato
2544 3450 2893 3516 praesump-

532 3548 696 3612 tiose
744 3539 1326 3619 communicaverit,
1377 3532 1971 3598 excommunicetur
2017 3539 2082 3594 et
2119 3529 2283 3618 ipse.

793 3665 959 3718 Cone.
1001 3659 1186 3715 Carth.
1227 3674 1346 3711 can.
1385 3659 1435 3710 9.
1513 3651 1857 3722 Augustinus
1894 3647 2243 3718 Episcopus,
2300 3648 2543 3717 Legatus
2592 3647 2884 3716 provinciae

723 3748 1036 3812 Numidiae,
1069 3745 1237 3798 dixit:
1275 3743 1394 3796 Hoc
1435 3744 1681 3793 statuere
1716 3735 2057 3806 dignemini,
2110 3739 2175 3788 ut
2210 3735 2257 3788 si
2294 3733 2389 3802 qui
2427 3734 2569 3787 forte
2600 3733 2783 3786 merito
2812 3733 2883 3786 fa·

725 3838 975 3892 cinorum
1021 3847 1248 3886 suorum
1283 3829 1352 3882 ab
1387 3826 1643 3880 Ecclesia
1678 3823 1824 3894 pulsi
1862 3825 2020 3887 sunt,
2062 3826 2119 3875 et
2160 3822 2276 3874 sive
2310 3821 2379 3874 ab
2422 3818 2598 3887 aliquo
2629 3819 2879 3888 Episcopo

722 3925 810 3978 vel
848 3923 1182 3988 Presbytero
1240 3915 1448 3970 fuerint
1506 3914 1565 3966 in
1602 3910 2043 3966 communionem
2080 3907 2361 3977 suscepti,
2419 3907 2583 3960 etiam
2633 3906 2739 3975 ipse
2770 3907 2879 3974 pari

735 4027 859 4065 cum
897 4009 975 4061 eis
1014 4005 1244 4060 crimine
1282 4007 1541 4057 teneatur
1582 3999 1880 4065 obnoxius,
1933 3996 2213 4066 refugiens
2250 3995 2331 4048 sui
2366 3994 2623 4064 Episcopi
2653 3994 2877 4062 regulare

736 4096 1020 4150 iudicium.
1058 4093 1146 4147 Ab
1185 4091 1456 4146 universis
1492 4087 1788 4158 Episcopis
1827 4085 2040 4138 dictum
2078 4087 2193 4137 est:
2234 4081 2501 4136 Omnibus
2534 4083 2705 4150 placet.

1260 4212 1273 4222 ⁶
1375 4203 2059 4263 SACERDOTIBUS.

696 4318 1050 4388 XXXVII.
1136 4315 1304 4380 Item
1359 4313 1428 4376 in
1484 4309 1717 4374 eodem
1776 4307 2046 4392 concilio
2095 4307 2263 4370 infra
2306 4305 2434 4368 duo
2480 4304 2749 4391 capitula,
2807 4312 2870 4366 ut

533 4426 750 4493 nullus
792 4419 1112 4510 presbiter
1157 4422 1380 4479 contra
1415 4433 1603 4476 suum
1648 4409 2023 4496 episcopum
2064 4406 2401 4495 superbire
2443 4405 2669 4470 audeat.
