2959 4984
422 295 517 350 vl.
590 290 890 348 REGULA
925 287 1452 346 CHRODOGANffl
1487 285 1810 342 EPISCOPI
1846 279 2226 340 METENSIS.
2430 280 2499 336 31

137 463 440 551 quidpiam
479 470 596 526 aut
637 458 1037 548 perdiderit,
1081 457 1188 522 vel
1227 455 1406 522 aliud
1445 454 1603 540 quid
1650 451 2050 518 excesserit·
2125 458 2193 514 et
2226 471 2359 514 non
2402 469 2510 512 ve-

135 564 296 630 niens
333 562 638 630 continuo
683 569 833 628 ante
883 559 1296 646 episcopum,
1341 565 1454 620 aut
1492 555 1602 640 qui
1648 555 1767 620 sub
1816 552 1961 642 ipso
2004 560 2189 632 sunt,
2228 549 2370 636 ipse
2414 549 2511 614 ul-

137 673 220 728 tro
259 659 670 742 satisfecerit,
723 657 859 744 et1)
921 655 1288 744 prodiderit
1329 654 1641 720 delictum
1684 676 1903 735 suum3
1954 651 2110 716 dum
2152 671 2271 738 per
2314 649 2511 716 alium

135 761 446 848 cognitum
489 759 722 841 fuerit,
795 755 1022 822 maiori
1063 754 1390 821 subiaceat
1435 750 1871 821 emendationi
1890 801 1909 833 ,
1976 749 2334 816 secundum
2374 771 2510 814 mo-

138 861 272 926 dum
311 863 569 978 culpae,
613 860 778 924 sicut
817 856 1164 944 episcopo,
1227 854 1338 918 vel
1384 852 1494 937 qui
1542 855 1661 918 sub
1704 873 1783 916 eo
1826 859 1994 933 sunt,
2040 852 2253 918 visum
2298 849 2512 916 fuerit.

135 961 284 1027 Nam
324 961 378 1026 si
417 961 561 1050 ipse
603 965 837 1046 sponte
881 955 1214 1020 confessus
1261 953 1497 1036 fuerit,
1562 952 1789 1018 leviori
1838 951 2161 1018 subiaceat
2204 952 2507 1016 emenda-

133 1061 293 1144 tioni,
333 1071 408 1128 ut
445 1060 753 1140 diximus,
797 1049 1156 1122 secundum
1199 1053 1468 1120 modum
1512 1053 1761 1141 culpae.

230 1209 380 1298 Cap.
421 1207 613 1274 XIX.
704 1205 930 1286 Qualis
977 1205 1202 1270 debeat
1246 1207 1381 1266 esse
1425 1173 1655 1267 modus
1701 1205 2402 1268 excommunicationis.

283 1339 661 1410 Secundum
699 1340 965 1406 modum
1001 1339 1249 1426 culpae,
1293 1337 1973 1404 excommunicationis
2001 1339 2109 1405 vel
2138 1338 2515 1426 disciplinae

140 1441 316 1506 debet
354 1443 624 1508 extendi
669 1462 1004 1509 mensura:
1053 1437 1161 1522 qui
1207 1437 1542 1524 culparum
1581 1437 1815 1502 modus
1856 1437 1923 1502 in
1964 1438 2249 1527 episcopi
2273 1439 2519 1526 pendet

138 1541 384 1625 iudicio,
449 1543 562 1606 vel
619 1541 728 1626 qui
796 1541 914 1604 sub
972 1559 1050 1602 eo
1095 1547 1262 1603 sunt.
1327 1535 1582 1622 -Neque
1630 1537 1801 1602 enim
1847 1538 1891 1603 ii
1938 1538 2047 1624 qui
2094 1539 2161 1604 in
2202 1541 2509 1626 gravibus

137 1643 395 1727 peccatis
436 1640 784 1723 incedunt,
853 1638 960 1704 vel
1002 1637 1070 1702 hi
1113 1637 1224 1724 qui
1272 1638 1340 1702 in
1380 1637 1635 1704 levibus
1680 1638 2065 1725 quibusdam
2110 1640 2513 1728 delinquunt,

138 1743 468 1827 aequaliter
511 1739 839 1808 iudicandi
881 1749 1062 1821 sunt3
1107 1739 1226 1804 sed
1273 1737 1630 1804 secundum
1671 1741 1969 1804 morbum
2006 1740 2377 1808 adhibenda
2420 1753 2519 1808 est

141 1842 470 1908 medicina:
538 1841 689 1928 quia
711 1841 767 1927 ²)
809 1862 933 1906 nec
977 1840 1122 1927 pius
1159 1837 1449 1904 medicus
1488 1849 1667 1906 sanat
1706 1840 1996 1923 vulnera,
2040 1864 2161 1907 nec
2203 1843 2312 1927 qui
2355 1844 2514 1908 acci-

139 1963 281 2028 pere
315 1941 643 2031 spirituale
687 1941 1230 2006 medicamentum
1270 1939 1579 2045 renuerit,
1621 1940 1959 2058 sanitatem
1996 1941 2341 2029 spiritualis
2387 1965 2520 2010 me-

143 2041 464 2108 dicamenti
513 2042 821 2128 consequi
870 2049 1107 2129 potest.

411 2193 571 2282 Cap.
617 2191 769 2258 XX.
857 2189 959 2256 De
1004 2189 1557 2278 Quadraqesimae
1606 2189 2177 2257 observationibus.

291 2327 469 2393 Licet
525 2327 702 2392 omni
745 2334 1038 2413 tempore
1076 2325 1207 2389 vita
1253 2321 1769 2390 Christianorum
1812 2325 2095 2414 simplex
2138 2325 2335 2391 debet
2377 2347 2521 2391 esse

146 2434 201 2489 et
249 2427 494 2510 sobria,
559 2427 838 2492 maxime
897 2435 1114 2490 tamen
1162 2424 1493 2511 religiosis
1535 2426 1855 2491 mentibus
1900 2425 2237 2510 convenit,
2305 2435 2378 2491 ut
2420 2427 2522 2490 his

148 2525 354 2591 diebus
413 2526 844 2592 continentius
899 2526 1157 2608 vivant,
1225 2533 1291 2588 et
1337 2523 1565 2590 sedula
1618 2526 1929 2590 servitute
1973 2525 2121 2591 Deo
2166 2525 2521 2590 adhaerere

149 2626 540 2692 contendant.
587 2625 880 2710 Ideoque
917 2624 1346 2706 decernimuS,
1390 2624 1458 2689 in
1503 2625 1631 2690 illis
1660 2624 2089 2712 quadraginta
2123 2627 2349 2698 diebus
2378 2633 2525 2690 ante

147 2723 375 2790 Pascha
419 2747 568 2789 cum
610 2723 784 2788 omni
823 2723 1105 2812 puritate
1148 2723 1382 2788 mentis
1427 2732 1493 2788 et
1524 2724 1810 2812 corporis
1844 2733 2067 2790 noster
2100 2723 2331 2807 clerus,
2374 2725 2523 2790 Deo

147 2823 390 2888 iubente
411 2825 500 2910 ⁵),
545 2825 617 2890 in
661 2833 968 2910 quantum
1011 2823 1316 2912 potuerit,
1357 2845 1429 2888 se
1470 2823 1806 2888 custodiat.
1881 2825 1989 2890 De
2036 2825 2161 2891 cibi
2201 2833 2416 2890 autem
2458 2833 2525 2890 et-

147 2932 322 3008 potus
367 2923 827 3013 perceptione,
885 2924 955 2988 in
999 2933 1306 3008 quantum
1348 2923 1535 2988 Deus
1580 2925 1893 2996 auxilium
1937 2924 2209 3008 dederit,
2252 2926 2521 3013 parcita-

149 3029 268 3086 tem
321 3024 630 3106 ha'beant3
694 3024 764 3089 id
805 3033 934 3106 est,
993 3032 1066 3088 ut
1111 3023 1438 3108 quotidie,
1482 3025 1771 3112 exceptis
1814 3025 2172 3090 Dominicis
2217 3021 2446 3090 diebus
2488 3049 2525 3090 a

151 3122 339 3210 capite
397 3121 958 3210 Quadragesimae
1026 3143 1233 3206 usque
1299 3122 1380 3188 ad
1449 3132 1740 3188 sanctum
1780 3123 2029 3188 Pascha
2084 3133 2233 3212 post
2291 3124 2526 3190 dictam

151 3240 469 3308 vesperam
522 3223 593 3288 in
645 3223 1000 3288 refectione
1057 3244 1353 3338 semper,
1417 3222 1747 3306 reficiant3
1818 3233 1883 3288 et
1944 3225 2023 3290 ab
2078 3223 2208 3288 illis
2252 3223 2409 3292 cibis
2452 3247 2525 3290 se

150 3319 505 3407 abstineant,
550 3323 660 3387 vel
699 3332 879 3411 potu,
920 3323 1087 3388 sicut
1130 3323 1468 3411 episcopus
1516 3345 1663 3387 cum
1700 3323 1948 3388 ratione
1984 3323 2401 3388 constituerit.
2440 3321 2528 3389 Et

152 3417 383 3503 alicubi,
422 3445 635 3510 neque
676 3423 745 3488 in
784 3423 928 3512 ipsa
970 3423 1245 3506 civitate,
1287 3444 1501 3508 neque
1544 3423 1612 3486 in
1653 3423 2075 3507 monasteriis,
2118 3423 2226 3488 vel
2264 3424 2522 3509 quibus-

151 3515 294 3582 libet
332 3520 490 3586 locis
532 3522 640 3587 vel
683 3523 980 3589 domibus
1019 3522 1299 3611 propriis
1336 3521 1434 3586 his
1471 3521 1899 3610 quadraginta
1933 3521 2158 3589 diebus
2202 3522 2524 3589 reficiant:

159 3617 490 3704 nisiforte,
537 3622 593 3688 si
607 3622 660 3706 4)
709 3624 912 3710 longe
951 3623 1166 3706 fuerit,
1210 3633 1282 3687 ut
1322 3624 1485 3687 hora
1524 3633 1933 3711 competente
1973 3623 2056 3688 ad
2091 3623 2305 3689 cibum
2338 3647 2526 3688 suum

153 3718 575 3807 accipiendum
631 3746 776 3788 cum
831 3723 1136 3788 fratribus
1200 3723 1427 3788 adesse
1485 3745 1619 3788 non
1678 3723 2000 3811 potuerit3
2065 3733 2219 3789 tunc
2257 3733 2527 3812 propter

152 3813 310 3883 illam
361 3823 808 3890 necessitatem
859 3823 1187 3889 licentiam
1225 3824 1458 3888 habeat
1506 3823 1702 3888 talem
1747 3823 1961 3888 cibum
2001 3845 2296 3907 sumere,
2364 3822 2529 3888 sicut

157 3915 416 4002 reliquus
485 3921 736 4006 clerus;
803 3933 870 3988 et
927 3923 1055 3990 hoc
1117 3921 1457 4011 provideat
1512 3932 1585 3988 ut
1636 3923 1829 3988 horas
1889 3932 2330 4013 competentes
2394 3945 2527 3990 non

158 4020 487 4088 antecedat.

295 4119 590 4190 Lectioni
628 4146 790 4192 vero
831 4126 1064 4192 fratres
1105 4127 1174 4190 in
1211 4127 1334 4192 hac
1378 4125 1897 4212 Quadragesima
1934 4150 1971 4190 a
1990 4125 2045 4210 ⁵)
2088 4125 2307 4192 Prima
2356 4125 2525 4195 dicta

333 4300 384 4366 1)
421 4303 496 4354 al.
537 4299 628 4354 vel
661 4299 943 4354 celaverit.
1047 4304 1104 4370 2)
1144 4306 1320 4367 Forte,
1359 4299 1489 4369 quia
1525 4300 1688 4354 aliter
1724 4317 1829 4353 nec
1864 4299 2005 4368 pius,
2048 4303 2155 4356 etc.
2256 4301 2314 4370 3)
2342 4307 2521 4367 Forte,

159 4377 412 4525 ἰῐξνξιιῠζι.
543 4389 604 4456 4)
642 4391 720 4443 al.
757 4403 864 4457 pro
899 4388 1158 4444 utilitatis
1195 4405 1382 4444 causa.
1610 4389 1663 4458 ὅ)
1700 4392 1774 4443 al.
1810 4389 2061 4457 exceptis
2102 4389 2299 4444 diebus
2336 4389 2523 4444 Domi-

159 4481 280 4522 mcis
369 4471 382 4485 '
415 4512 430 4526 .
