<?xml version="1.0" encoding="UTF-8"?>
<!DOCTYPE html PUBLIC "-//W3C//DTD XHTML 1.0 Transitional//EN"
    "http://www.w3.org/TR/xhtml1/DTD/xhtml1-transitional.dtd">
<html xmlns="http://www.w3.org/1999/xhtml" xml:lang="en" lang="en">
 <head>
  <title>
</title>
<meta http-equiv="Content-Type" content="text/html;charset=utf-8" />
  <meta name='ocr-system' content='tesseract 3.04.00' />
  <meta name='ocr-capabilities' content='ocr_page ocr_carea ocr_par ocr_line ocrx_word'/>
</head>
<body>
  <div class='ocr_page' id='page_1' title='image "./fontesiuriseccl00waltgoog_0123.png"; bbox 0 0 2959 4984; ppageno 0'>
   <div class='ocr_carea' id='block_1_1' title="bbox 231 304 2530 366">
    <p class='ocr_par' dir='ltr' id='par_1_1' title="bbox 231 304 2530 366">
     <span class='ocr_line' id='line_1_1' title="bbox 231 304 2530 366; baseline 0.002 -5"><span class='ocrx_word' id='word_1_1' title='bbox 231 311 399 361; x_wconf 83' lang='lat' dir='ltr'><strong>XVII.</strong></span> <span class='ocrx_word' id='word_1_2' title='bbox 473 304 778 362; x_wconf 75' lang='lat' dir='ltr'><strong>EUGENH</strong></span> <span class='ocrx_word' id='word_1_3' title='bbox 816 306 910 358; x_wconf 74' lang='lat' dir='ltr'><strong>IV.</strong></span> <span class='ocrx_word' id='word_1_4' title='bbox 948 307 1194 360; x_wconf 69' lang='lat' dir='ltr'>BULLA</span> <span class='ocrx_word' id='word_1_5' title='bbox 1234 307 1524 360; x_wconf 71' lang='lat' dir='ltr'>ALTERA</span> <span class='ocrx_word' id='word_1_6' title='bbox 1563 309 1688 360; x_wconf 81' lang='lat' dir='ltr'><strong>DIE</strong></span> <span class='ocrx_word' id='word_1_7' title='bbox 1731 309 1795 359; x_wconf 84' lang='lat' dir='ltr'><strong>V.</strong></span> <span class='ocrx_word' id='word_1_8' title='bbox 1831 308 2036 362; x_wconf 77' lang='lat' dir='ltr'><strong>FEBR.</strong></span> <span class='ocrx_word' id='word_1_9' title='bbox 2075 310 2140 362; x_wconf 81' lang='grc' dir='ltr'><strong>Δ.</strong></span> <span class='ocrx_word' id='word_1_10' title='bbox 2179 307 2333 364; x_wconf 81' lang='lat'><strong>1447.</strong></span> <span class='ocrx_word' id='word_1_11' title='bbox 2425 311 2530 366; x_wconf 89' lang='grc'><strong>103</strong></span> 
     </span>
    </p>
   </div>
   <div class='ocr_carea' id='block_1_2' title="bbox 126 476 2532 2346">
    <p class='ocr_par' dir='ltr' id='par_1_2' title="bbox 126 476 2532 2346">
     <span class='ocr_line' id='line_1_2' title="bbox 135 476 2529 564; baseline 0 -19"><span class='ocrx_word' id='word_1_12' title='bbox 135 487 374 564; x_wconf 89' lang='lat' dir='ltr'><strong>natum,</strong></span> <span class='ocrx_word' id='word_1_13' title='bbox 414 501 550 544; x_wconf 89' lang='lat' dir='ltr'><strong>non</strong></span> <span class='ocrx_word' id='word_1_14' title='bbox 598 476 1073 544; x_wconf 84' lang='lat' dir='ltr'><strong>contraventuri</strong></span> <span class='ocrx_word' id='word_1_15' title='bbox 1112 497 1237 542; x_wconf 89' lang='lat' dir='ltr'><strong>nec</strong></span> <span class='ocrx_word' id='word_1_16' title='bbox 1281 476 1909 544; x_wconf 86' lang='lat' dir='ltr'><strong>contravenientibus</strong></span> <span class='ocrx_word' id='word_1_17' title='bbox 1957 477 2332 544; x_wconf 82' lang='lat' dir='ltr'><strong>consensuri</strong></span> <span class='ocrx_word' id='word_1_18' title='bbox 2374 499 2529 564; x_wconf 90' lang='lat' dir='ltr'><strong>quo-</strong></span> 
     </span>
     <span class='ocr_line' id='line_1_3' title="bbox 129 576 2528 666; baseline 0 -22"><span class='ocrx_word' id='word_1_19' title='bbox 129 579 223 644; x_wconf 86' lang='lat' dir='ltr'><strong>vis</strong></span> <span class='ocrx_word' id='word_1_20' title='bbox 272 579 492 644; x_wconf 79' lang='lat' dir='ltr'><strong>modo,</strong></span> <span class='ocrx_word' id='word_1_21' title='bbox 576 576 931 666; x_wconf 84' lang='lat' dir='ltr'><strong>Speramus</strong></span> <span class='ocrx_word' id='word_1_22' title='bbox 975 585 1191 642; x_wconf 86' lang='lat' dir='ltr'><strong>autem</strong></span> <span class='ocrx_word' id='word_1_23' title='bbox 1234 586 1303 641; x_wconf 89' lang='lat' dir='ltr'><strong>et</strong></span> <span class='ocrx_word' id='word_1_24' title='bbox 1340 601 1379 641; x_wconf 90' lang='lat' dir='ltr'><strong>a</strong></span> <span class='ocrx_word' id='word_1_25' title='bbox 1420 585 1596 642; x_wconf 88' lang='lat' dir='ltr'><strong>certo</strong></span> <span class='ocrx_word' id='word_1_26' title='bbox 1643 585 1958 659; x_wconf 77' lang='lat' dir='ltr'><strong>tenemuS,</strong></span> <span class='ocrx_word' id='word_1_27' title='bbox 2005 577 2212 644; x_wconf 87' lang='lat' dir='ltr'><strong>dictos</strong></span> <span class='ocrx_word' id='word_1_28' title='bbox 2253 577 2528 666; x_wconf 84' lang='lat' dir='ltr'><strong>Regem,</strong></span> 
     </span>
     <span class='ocr_line' id='line_1_4' title="bbox 127 676 2527 768; baseline 0 -24"><span class='ocrx_word' id='word_1_29' title='bbox 127 678 739 768; x_wconf 85' lang='lat' dir='ltr'><strong>Archiepiscopum,</strong></span> <span class='ocrx_word' id='word_1_30' title='bbox 778 676 1245 760; x_wconf 89' lang='lat' dir='ltr'><strong>Marchionem,</strong></span> <span class='ocrx_word' id='word_1_31' title='bbox 1292 687 1357 742; x_wconf 94' lang='lat' dir='ltr'><strong>et</strong></span> <span class='ocrx_word' id='word_1_32' title='bbox 1396 677 1556 754; x_wconf 81' lang='lat' dir='ltr'><strong>alios</strong></span> <span class='ocrx_word' id='word_1_33' title='bbox 1595 678 1881 765; x_wconf 89' lang='lat' dir='ltr'><strong>prelatos</strong></span> <span class='ocrx_word' id='word_1_34' title='bbox 1911 687 1978 742; x_wconf 88' lang='lat' dir='ltr'><strong>et</strong></span> <span class='ocrx_word' id='word_1_35' title='bbox 2005 678 2352 766; x_wconf 83' lang='lat' dir='ltr'><strong>principeS,</strong></span> <span class='ocrx_word' id='word_1_36' title='bbox 2393 688 2527 744; x_wconf 89' lang='lat' dir='ltr'><strong>tan-</strong></span> 
     </span>
     <span class='ocr_line' id='line_1_5' title="bbox 130 774 2526 866; baseline 0.001 -22"><span class='ocrx_word' id='word_1_37' title='bbox 130 801 317 863; x_wconf 84' lang='lat' dir='ltr'><strong>quam</strong></span> <span class='ocrx_word' id='word_1_38' title='bbox 366 774 641 844; x_wconf 45' lang='lat' dir='ltr'><strong>devoto‘s</strong></span> <span class='ocrx_word' id='word_1_39' title='bbox 684 777 856 842; x_wconf 86' lang='lat' dir='ltr'><strong>sedis</strong></span> <span class='ocrx_word' id='word_1_40' title='bbox 900 777 1273 866; x_wconf 86' lang='lat' dir='ltr'><strong>apostolice,</strong></span> <span class='ocrx_word' id='word_1_41' title='bbox 1316 800 1449 842; x_wconf 90' lang='lat' dir='ltr'><strong>non</strong></span> <span class='ocrx_word' id='word_1_42' title='bbox 1490 801 1794 865; x_wconf 87' lang='lat' dir='ltr'><strong>passuros</strong></span> <span class='ocrx_word' id='word_1_43' title='bbox 1825 778 2040 843; x_wconf 88' lang='lat' dir='ltr'><strong>medio</strong></span> <span class='ocrx_word' id='word_1_44' title='bbox 2077 786 2370 866; x_wconf 90' lang='lat' dir='ltr'><strong>tempore</strong></span> <span class='ocrx_word' id='word_1_45' title='bbox 2399 779 2526 846; x_wconf 86' lang='lat' dir='ltr'><strong>Ro-</strong></span> 
     </span>
     <span class='ocr_line' id='line_1_6' title="bbox 127 871 2528 967; baseline 0 -23"><span class='ocrx_word' id='word_1_46' title='bbox 127 902 375 944; x_wconf 85' lang='lat' dir='ltr'><strong>manam</strong></span> <span class='ocrx_word' id='word_1_47' title='bbox 421 878 761 944; x_wconf 84' lang='lat' dir='ltr'><strong>ecclesiam</strong></span> <span class='ocrx_word' id='word_1_48' title='bbox 789 871 1221 942; x_wconf 79' lang='lat' dir='ltr'><strong>remanere&#39;in</strong></span> <span class='ocrx_word' id='word_1_49' title='bbox 1254 878 1387 942; x_wconf 87' lang='lat' dir='ltr'><strong>suis</strong></span> <span class='ocrx_word' id='word_1_50' title='bbox 1416 877 1666 944; x_wconf 88' lang='lat' dir='ltr'><strong>iuribus</strong></span> <span class='ocrx_word' id='word_1_51' title='bbox 1699 876 2058 967; x_wconf 84' lang='lat' dir='ltr'><strong>spoliatam.</strong></span> <span class='ocrx_word' id='word_1_52' title='bbox 2099 877 2286 944; x_wconf 85' lang='lat' dir='ltr'><strong>Hanc</strong></span> <span class='ocrx_word' id='word_1_53' title='bbox 2313 887 2528 947; x_wconf 86' lang='lat' dir='ltr'><strong>autem</strong></span> 
     </span>
     <span class='ocr_line' id='line_1_7' title="bbox 128 976 2527 1067; baseline -0 -23"><span class='ocrx_word' id='word_1_54' title='bbox 128 980 610 1045; x_wconf 75' lang='lat' dir='ltr'><strong>concessionem</strong></span> <span class='ocrx_word' id='word_1_55' title='bbox 651 978 735 1044; x_wconf 86' lang='lat' dir='ltr'><strong>ad</strong></span> <span class='ocrx_word' id='word_1_56' title='bbox 781 1000 891 1042; x_wconf 89' lang='lat' dir='ltr'><strong>eos</strong></span> <span class='ocrx_word' id='word_1_57' title='bbox 910 1026 931 1061; x_wconf 94' lang='lat'><strong>,</strong></span> <span class='ocrx_word' id='word_1_58' title='bbox 995 977 1105 1062; x_wconf 90' lang='lat' dir='ltr'><strong>qui</strong></span> <span class='ocrx_word' id='word_1_59' title='bbox 1148 976 1570 1044; x_wconf 83' lang='lat' dir='ltr'><strong>declarationi</strong></span> <span class='ocrx_word' id='word_1_60' title='bbox 1614 979 1723 1043; x_wconf 84' lang='lat' dir='ltr'><strong>vel</strong></span> <span class='ocrx_word' id='word_1_61' title='bbox 1766 977 2169 1062; x_wconf 84' lang='lat' dir='ltr'><strong>obedientie,</strong></span> <span class='ocrx_word' id='word_1_62' title='bbox 2211 1000 2334 1067; x_wconf 91' lang='lat' dir='ltr'><strong>per</strong></span> <span class='ocrx_word' id='word_1_63' title='bbox 2377 999 2527 1044; x_wconf 87' lang='lat' dir='ltr'><strong>suos</strong></span> 
     </span>
     <span class='ocr_line' id='line_1_8' title="bbox 126 1076 2526 1168; baseline 0 -24"><span class='ocrx_word' id='word_1_64' title='bbox 126 1081 409 1168; x_wconf 85' lang='lat' dir='ltr'><strong>prelatos</strong></span> <span class='ocrx_word' id='word_1_65' title='bbox 458 1079 594 1144; x_wconf 82' lang='lat' dir='ltr'><strong>sive</strong></span> <span class='ocrx_word' id='word_1_66' title='bbox 638 1077 1006 1167; x_wconf 73' lang='lat' dir='ltr'><strong>superiores</strong></span> <span class='ocrx_word' id='word_1_67' title='bbox 1038 1076 1223 1143; x_wconf 91' lang='lat' dir='ltr'><strong>nobis</strong></span> <span class='ocrx_word' id='word_1_68' title='bbox 1255 1078 1420 1142; x_wconf 88' lang='lat' dir='ltr'><strong>facte</strong></span> <span class='ocrx_word' id='word_1_69' title='bbox 1448 1087 1561 1142; x_wconf 91' lang='lat' dir='ltr'><strong>aut</strong></span> <span class='ocrx_word' id='word_1_70' title='bbox 1585 1078 1752 1143; x_wconf 87' lang='lat' dir='ltr'><strong>infra</strong></span> <span class='ocrx_word' id='word_1_71' title='bbox 1779 1100 1903 1144; x_wconf 84' lang='lat' dir='ltr'><strong>sex</strong></span> <span class='ocrx_word' id='word_1_72' title='bbox 1929 1099 2183 1144; x_wconf 87' lang='lat' dir='ltr'><strong>menses</strong></span> <span class='ocrx_word' id='word_1_73' title='bbox 2211 1078 2526 1164; x_wconf 83' lang='lat' dir='ltr'><strong>faciende,</strong></span> 
     </span>
     <span class='ocr_line' id='line_1_9' title="bbox 131 1178 2532 1276; baseline -0 -30"><span class='ocrx_word' id='word_1_74' title='bbox 131 1203 195 1246; x_wconf 88' lang='lat' dir='ltr'><strong>se</strong></span> <span class='ocrx_word' id='word_1_75' title='bbox 239 1189 675 1276; x_wconf 74' lang='lat' dir='ltr'><strong>opponerent,</strong></span> <span class='ocrx_word' id='word_1_76' title='bbox 720 1187 828 1244; x_wconf 87' lang='lat' dir='ltr'><strong>aut</strong></span> <span class='ocrx_word' id='word_1_77' title='bbox 859 1179 1039 1242; x_wconf 86' lang='lat' dir='ltr'><strong>illam</strong></span> <span class='ocrx_word' id='word_1_78' title='bbox 1066 1186 1402 1266; x_wconf 79' lang='lat' dir='ltr'><strong>acceptare</strong></span> <span class='ocrx_word' id='word_1_79' title='bbox 1428 1187 1824 1261; x_wconf 84' lang='lat' dir='ltr'><strong>recusarent,</strong></span> <span class='ocrx_word' id='word_1_80' title='bbox 1867 1178 2234 1243; x_wconf 86' lang='lat' dir='ltr'><strong>nullatenus</strong></span> <span class='ocrx_word' id='word_1_81' title='bbox 2264 1179 2532 1245; x_wconf 80' lang='lat' dir='ltr'><strong>extendi</strong></span> 
     </span>
     <span class='ocr_line' id='line_1_10' title="bbox 132 1276 2530 1366; baseline 0.002 -26"><span class='ocrx_word' id='word_1_82' title='bbox 132 1281 457 1362; x_wconf 79' lang='lat' dir='ltr'><strong>volumuS,</strong></span> <span class='ocrx_word' id='word_1_83' title='bbox 497 1279 606 1344; x_wconf 85' lang='lat' dir='ltr'><strong>vel</strong></span> <span class='ocrx_word' id='word_1_84' title='bbox 650 1278 741 1344; x_wconf 87' lang='lat' dir='ltr'><strong>eis</strong></span> <span class='ocrx_word' id='word_1_85' title='bbox 786 1276 1106 1366; x_wconf 78' lang='lat' dir='ltr'><strong>opitulari.</strong></span> <span class='ocrx_word' id='word_1_86' title='bbox 1201 1276 1342 1342; x_wconf 87' lang='lat' dir='ltr'><strong>Nos</strong></span> <span class='ocrx_word' id='word_1_87' title='bbox 1388 1278 1562 1342; x_wconf 89' lang='lat' dir='ltr'><strong>enim</strong></span> <span class='ocrx_word' id='word_1_88' title='bbox 1606 1300 1694 1342; x_wconf 83' lang='lat' dir='ltr'><strong>ex</strong></span> <span class='ocrx_word' id='word_1_89' title='bbox 1732 1299 1904 1344; x_wconf 89' lang='lat' dir='ltr'><strong>nunc</strong></span> <span class='ocrx_word' id='word_1_90' title='bbox 1948 1276 2202 1342; x_wconf 87' lang='lat' dir='ltr'><strong>irritum</strong></span> <span class='ocrx_word' id='word_1_91' title='bbox 2241 1278 2530 1344; x_wconf 88' lang='lat' dir='ltr'><strong>decerni·</strong></span> 
     </span>
     <span class='ocr_line' id='line_1_11' title="bbox 130 1376 2528 1466; baseline -0.001 -19"><span class='ocrx_word' id='word_1_92' title='bbox 130 1404 265 1446; x_wconf 90' lang='lat' dir='ltr'><strong>mus</strong></span> <span class='ocrx_word' id='word_1_93' title='bbox 310 1391 379 1447; x_wconf 92' lang='lat' dir='ltr'><strong>et</strong></span> <span class='ocrx_word' id='word_1_94' title='bbox 420 1380 648 1462; x_wconf 89' lang='lat' dir='ltr'><strong>inane,</strong></span> <span class='ocrx_word' id='word_1_95' title='bbox 712 1378 766 1445; x_wconf 88' lang='lat' dir='ltr'><strong>si</strong></span> <span class='ocrx_word' id='word_1_96' title='bbox 804 1399 988 1443; x_wconf 86' lang='lat' dir='ltr'><strong>secus</strong></span> <span class='ocrx_word' id='word_1_97' title='bbox 1034 1399 1233 1466; x_wconf 89' lang='lat' dir='ltr'><strong>super</strong></span> <span class='ocrx_word' id='word_1_98' title='bbox 1272 1376 1395 1442; x_wconf 86' lang='lat' dir='ltr'><strong>hiis</strong></span> <span class='ocrx_word' id='word_1_99' title='bbox 1434 1402 1471 1442; x_wconf 85' lang='lat' dir='ltr'><strong>a</strong></span> <span class='ocrx_word' id='word_1_100' title='bbox 1516 1399 1840 1463; x_wconf 89' lang='lat' dir='ltr'><strong>quoquam</strong></span> <span class='ocrx_word' id='word_1_101' title='bbox 1882 1378 2104 1463; x_wconf 87' lang='lat' dir='ltr'><strong>quavis</strong></span> <span class='ocrx_word' id='word_1_102' title='bbox 2153 1377 2528 1446; x_wconf 85' lang='lat' dir='ltr'><strong>auctoritate</strong></span> 
     </span>
     <span class='ocr_line' id='line_1_12' title="bbox 130 1477 2528 1566; baseline 0 -20"><span class='ocrx_word' id='word_1_103' title='bbox 130 1482 404 1548; x_wconf 85' lang='lat' dir='ltr'><strong>scienter</strong></span> <span class='ocrx_word' id='word_1_104' title='bbox 445 1479 555 1544; x_wconf 86' lang='lat' dir='ltr'><strong>vel</strong></span> <span class='ocrx_word' id='word_1_105' title='bbox 589 1479 972 1565; x_wconf 84' lang='lat' dir='ltr'><strong>ignoranter</strong></span> <span class='ocrx_word' id='word_1_106' title='bbox 1013 1477 1361 1564; x_wconf 73' lang='lat' dir='ltr'><strong>contigerit</strong></span> <span class='ocrx_word' id='word_1_107' title='bbox 1400 1479 1788 1565; x_wconf 84' lang='lat' dir='ltr'><strong>attemptari.</strong></span> <span class='ocrx_word' id='word_1_108' title='bbox 1831 1477 2016 1545; x_wconf 89' lang='lat' dir='ltr'><strong>Nulli</strong></span> <span class='ocrx_word' id='word_1_109' title='bbox 2060 1500 2220 1566; x_wconf 88' lang='lat' dir='ltr'><strong>ergo</strong></span> <span class='ocrx_word' id='word_1_110' title='bbox 2263 1479 2528 1546; x_wconf 86' lang='lat' dir='ltr'><strong>omnino</strong></span> 
     </span>
     <span class='ocr_line' id='line_1_13' title="bbox 127 1567 2526 1668; baseline 0 -20"><span class='ocrx_word' id='word_1_111' title='bbox 127 1582 461 1648; x_wconf 88' lang='lat' dir='ltr'><strong>hominum</strong></span> <span class='ocrx_word' id='word_1_112' title='bbox 504 1581 695 1646; x_wconf 89' lang='lat' dir='ltr'><strong>liceat</strong></span> <span class='ocrx_word' id='word_1_113' title='bbox 732 1580 900 1644; x_wconf 90' lang='lat' dir='ltr'><strong>hanc</strong></span> <span class='ocrx_word' id='word_1_114' title='bbox 942 1567 1249 1666; x_wconf 76' lang='lat' dir='ltr'><strong>paginam</strong></span> <span class='ocrx_word' id='word_1_115' title='bbox 1280 1588 1502 1644; x_wconf 88' lang='lat' dir='ltr'><strong>nostre</strong></span> <span class='ocrx_word' id='word_1_116' title='bbox 1533 1579 2020 1663; x_wconf 88' lang='lat' dir='ltr'><strong>constitutionis,</strong></span> <span class='ocrx_word' id='word_1_117' title='bbox 2064 1580 2526 1668; x_wconf 83' lang='lat' dir='ltr'><strong>permissionis,</strong></span> 
     </span>
     <span class='ocr_line' id='line_1_14' title="bbox 132 1678 2524 1765; baseline 0 -19"><span class='ocrx_word' id='word_1_118' title='bbox 132 1681 558 1748; x_wconf 88' lang='lat' dir='ltr'><strong>concessionis</strong></span> <span class='ocrx_word' id='word_1_119' title='bbox 606 1688 672 1745; x_wconf 91' lang='lat' dir='ltr'><strong>et</strong></span> <span class='ocrx_word' id='word_1_120' title='bbox 710 1679 1059 1744; x_wconf 81' lang='lat' dir='ltr'><strong>voluntatis</strong></span> <span class='ocrx_word' id='word_1_121' title='bbox 1096 1678 1492 1765; x_wconf 87' lang='lat' dir='ltr'><strong>infringere,</strong></span> <span class='ocrx_word' id='word_1_122' title='bbox 1536 1678 1646 1744; x_wconf 83' lang='lat' dir='ltr'><strong>vel</strong></span> <span class='ocrx_word' id='word_1_123' title='bbox 1687 1679 1746 1744; x_wconf 90' lang='lat' dir='ltr'><strong>ei</strong></span> <span class='ocrx_word' id='word_1_124' title='bbox 1788 1703 1948 1744; x_wconf 87' lang='lat' dir='ltr'><strong>ausu</strong></span> <span class='ocrx_word' id='word_1_125' title='bbox 1991 1681 2332 1747; x_wconf 87' lang='lat' dir='ltr'><strong>temerario</strong></span> <span class='ocrx_word' id='word_1_126' title='bbox 2376 1703 2524 1746; x_wconf 88' lang='lat' dir='ltr'><strong>con·</strong></span> 
     </span>
     <span class='ocr_line' id='line_1_15' title="bbox 132 1779 2524 1870; baseline 0 -24"><span class='ocrx_word' id='word_1_127' title='bbox 132 1783 334 1848; x_wconf 85' lang='lat' dir='ltr'><strong>traire.</strong></span> <span class='ocrx_word' id='word_1_128' title='bbox 410 1779 489 1847; x_wconf 82' lang='lat' dir='ltr'><strong>Si</strong></span> <span class='ocrx_word' id='word_1_129' title='bbox 534 1781 675 1866; x_wconf 88' lang='lat' dir='ltr'><strong>quis</strong></span> <span class='ocrx_word' id='word_1_130' title='bbox 718 1789 937 1849; x_wconf 88' lang='lat' dir='ltr'><strong>autem</strong></span> <span class='ocrx_word' id='word_1_131' title='bbox 976 1781 1102 1846; x_wconf 92' lang='lat' dir='ltr'><strong>hoc</strong></span> <span class='ocrx_word' id='word_1_132' title='bbox 1140 1789 1524 1870; x_wconf 89' lang='lat' dir='ltr'><strong>attemptare</strong></span> <span class='ocrx_word' id='word_1_133' title='bbox 1566 1782 2093 1869; x_wconf 88' lang='lat' dir='ltr'><strong>praesumpserit,</strong></span> <span class='ocrx_word' id='word_1_134' title='bbox 2132 1780 2524 1868; x_wconf 87' lang='lat' dir='ltr'><strong>indignatio-</strong></span> 
     </span>
     <span class='ocr_line' id='line_1_16' title="bbox 127 1880 2529 1970; baseline 0 -24"><span class='ocrx_word' id='word_1_135' title='bbox 127 1903 270 1948; x_wconf 86' lang='lat' dir='ltr'><strong>nem</strong></span> <span class='ocrx_word' id='word_1_136' title='bbox 332 1880 800 1970; x_wconf 86' lang='lat' dir='ltr'><strong>omnipotentis</strong></span> <span class='ocrx_word' id='word_1_137' title='bbox 862 1881 968 1945; x_wconf 89' lang='lat' dir='ltr'><strong>dei</strong></span> <span class='ocrx_word' id='word_1_138' title='bbox 1011 1890 1078 1945; x_wconf 87' lang='lat' dir='ltr'><strong>et</strong></span> <span class='ocrx_word' id='word_1_139' title='bbox 1120 1883 1455 1948; x_wconf 87' lang='lat' dir='ltr'><strong>beatorum</strong></span> <span class='ocrx_word' id='word_1_140' title='bbox 1497 1881 1680 1946; x_wconf 80' lang='lat' dir='ltr'><strong>Petri</strong></span> <span class='ocrx_word' id='word_1_141' title='bbox 1726 1890 1792 1946; x_wconf 91' lang='lat' dir='ltr'><strong>et</strong></span> <span class='ocrx_word' id='word_1_142' title='bbox 1827 1881 2015 1946; x_wconf 89' lang='lat' dir='ltr'><strong>Pauli</strong></span> <span class='ocrx_word' id='word_1_143' title='bbox 2056 1882 2529 1969; x_wconf 86' lang='lat' dir='ltr'><strong>Apostolorum</strong></span> 
     </span>
     <span class='ocr_line' id='line_1_17' title="bbox 129 1979 2526 2071; baseline 0.003 -27"><span class='ocrx_word' id='word_1_144' title='bbox 129 1980 257 2046; x_wconf 90' lang='lat' dir='ltr'><strong>eius</strong></span> <span class='ocrx_word' id='word_1_145' title='bbox 294 2002 369 2046; x_wconf 89' lang='lat' dir='ltr'><strong>se</strong></span> <span class='ocrx_word' id='word_1_146' title='bbox 416 1979 676 2045; x_wconf 83' lang='lat' dir='ltr'><strong>noverit</strong></span> <span class='ocrx_word' id='word_1_147' title='bbox 716 1979 1143 2048; x_wconf 87' lang='lat' dir='ltr'><strong>incursurum.</strong></span> <span class='ocrx_word' id='word_1_148' title='bbox 1184 1980 1432 2046; x_wconf 86' lang='lat' dir='ltr'><strong>Datum</strong></span> <span class='ocrx_word' id='word_1_149' title='bbox 1458 1981 1664 2047; x_wconf 88' lang='lat' dir='ltr'><strong>Rome</strong></span> <span class='ocrx_word' id='word_1_150' title='bbox 1701 1982 1875 2069; x_wconf 85' lang='lat' dir='ltr'><strong>apud</strong></span> <span class='ocrx_word' id='word_1_151' title='bbox 1905 1980 2218 2048; x_wconf 86' lang='lat' dir='ltr'><strong>Sanctum</strong></span> <span class='ocrx_word' id='word_1_152' title='bbox 2247 1991 2526 2071; x_wconf 86' lang='lat' dir='ltr'><strong>petrum,</strong></span> 
     </span>
     <span class='ocr_line' id='line_1_18' title="bbox 129 2078 2528 2170; baseline 0.003 -26"><span class='ocrx_word' id='word_1_153' title='bbox 129 2078 315 2146; x_wconf 85' lang='lat' dir='ltr'><strong>Anno</strong></span> <span class='ocrx_word' id='word_1_154' title='bbox 359 2079 831 2144; x_wconf 79' lang='lat' dir='ltr'><strong>Incarnafionis</strong></span> <span class='ocrx_word' id='word_1_155' title='bbox 906 2079 1225 2149; x_wconf 88' lang='lat' dir='ltr'><strong>dominice</strong></span> <span class='ocrx_word' id='word_1_156' title='bbox 1268 2081 1619 2146; x_wconf 87' lang='lat' dir='ltr'><strong>Millesimo</strong></span> <span class='ocrx_word' id='word_1_157' title='bbox 1681 2081 2320 2168; x_wconf 83' lang='lat' dir='ltr'><strong>quadringentesimo</strong></span> <span class='ocrx_word' id='word_1_158' title='bbox 2375 2108 2528 2170; x_wconf 86' lang='lat' dir='ltr'><strong>qua·</strong></span> 
     </span>
     <span class='ocr_line' id='line_1_19' title="bbox 131 2179 2526 2268; baseline 0.002 -23"><span class='ocrx_word' id='word_1_159' title='bbox 131 2179 496 2268; x_wconf 87' lang='lat' dir='ltr'><strong>dragesimo</strong></span> <span class='ocrx_word' id='word_1_160' title='bbox 538 2188 746 2262; x_wconf 83' lang='lat' dir='ltr'><strong>sextO,</strong></span> <span class='ocrx_word' id='word_1_161' title='bbox 792 2179 999 2246; x_wconf 89' lang='lat' dir='ltr'><strong>Nonis</strong></span> <span class='ocrx_word' id='word_1_162' title='bbox 1038 2180 1396 2263; x_wconf 84' lang='lat' dir='ltr'><strong>Februarii,</strong></span> <span class='ocrx_word' id='word_1_163' title='bbox 1438 2181 1846 2268; x_wconf 88' lang='lat' dir='ltr'><strong>pontificatus</strong></span> <span class='ocrx_word' id='word_1_164' title='bbox 1889 2185 2092 2250; x_wconf 87' lang='lat' dir='ltr'><strong>nostri</strong></span> <span class='ocrx_word' id='word_1_165' title='bbox 2131 2209 2298 2251; x_wconf 89' lang='lat' dir='ltr'><strong>anno</strong></span> <span class='ocrx_word' id='word_1_166' title='bbox 2339 2195 2526 2252; x_wconf 84' lang='lat' dir='ltr'><strong>sexto</strong></span> 
     </span>
     <span class='ocr_line' id='line_1_20' title="bbox 132 2279 394 2346; baseline 0.004 -2"><span class='ocrx_word' id='word_1_167' title='bbox 132 2279 394 2346; x_wconf 84' lang='lat' dir='ltr'><strong>decimo.</strong></span> 
     </span>
    </p>
   </div>
   <div class='ocr_carea' id='block_1_3' title="bbox 132 2495 2524 2664">
    <p class='ocr_par' dir='ltr' id='par_1_3' title="bbox 132 2495 2524 2664">
     <span class='ocr_line' id='line_1_21' title="bbox 132 2495 2524 2584; baseline 0.003 -24"><span class='ocrx_word' id='word_1_168' title='bbox 132 2495 339 2564; x_wconf 83' lang='lat' dir='ltr'><strong>XVII.</strong></span> <span class='ocrx_word' id='word_1_169' title='bbox 465 2497 854 2584; x_wconf 84' lang='lat' dir='ltr'><strong>Eugenii</strong></span> <span class='ocrx_word' id='word_1_170' title='bbox 916 2497 1039 2562; x_wconf 83' lang='lat' dir='ltr'><strong>IV.</strong></span> <span class='ocrx_word' id='word_1_171' title='bbox 1105 2498 1353 2563; x_wconf 75' lang='lat' dir='ltr'><strong>bulla·</strong></span> <span class='ocrx_word' id='word_1_172' title='bbox 1412 2497 1510 2562; x_wconf 90' lang='lat' dir='ltr'><strong>de</strong></span> <span class='ocrx_word' id='word_1_173' title='bbox 1570 2497 2146 2576; x_wconf 82' lang='lat' dir='ltr'><strong>restitutione</strong></span> <span class='ocrx_word' id='word_1_174' title='bbox 2209 2500 2524 2566; x_wconf 83' lang='lat' dir='ltr'><strong>Iaeobi</strong></span> 
     </span>
     <span class='ocr_line' id='line_1_22' title="bbox 167 2596 2484 2664; baseline 0.001 -2"><span class='ocrx_word' id='word_1_175' title='bbox 167 2597 741 2664; x_wconf 81' lang='lat' dir='ltr'><strong>Trevirensis</strong></span> <span class='ocrx_word' id='word_1_176' title='bbox 801 2607 882 2662; x_wconf 92' lang='lat' dir='ltr'><strong>et</strong></span> <span class='ocrx_word' id='word_1_177' title='bbox 944 2597 1469 2663; x_wconf 89' lang='lat' dir='ltr'><strong>Theodorici</strong></span> <span class='ocrx_word' id='word_1_178' title='bbox 1543 2596 2124 2664; x_wconf 83' lang='lat' dir='ltr'><strong>Coloniensis</strong></span> <span class='ocrx_word' id='word_1_179' title='bbox 2190 2599 2484 2664; x_wconf 83' lang='lat' dir='ltr'><strong>Archi-</strong></span> 
     </span>
    </p>
   </div>
   <div class='ocr_carea' id='block_1_4' title="bbox 322 2695 2320 2786">
    <p class='ocr_par' dir='ltr' id='par_1_4' title="bbox 322 2695 2320 2786">
     <span class='ocr_line' id='line_1_23' title="bbox 322 2695 2320 2786; baseline -0.001 -23"><span class='ocrx_word' id='word_1_180' title='bbox 322 2698 775 2786; x_wconf 82' lang='lat' dir='ltr'><strong>episeopi:</strong></span> <span class='ocrx_word' id='word_1_181' title='bbox 858 2696 944 2762; x_wconf 89' lang='lat' dir='ltr'><strong>A.</strong></span> <span class='ocrx_word' id='word_1_182' title='bbox 992 2695 1586 2764; x_wconf 70' lang='lat' dir='ltr'>MOOOOXLVH„</span> <span class='ocrx_word' id='word_1_183' title='bbox 1646 2696 1786 2762; x_wconf 88' lang='lat' dir='ltr'><strong>die</strong></span> <span class='ocrx_word' id='word_1_184' title='bbox 1832 2697 1914 2762; x_wconf 87' lang='lat' dir='ltr'><strong>V.</strong></span> <span class='ocrx_word' id='word_1_185' title='bbox 1955 2697 2203 2764; x_wconf 86' lang='lat' dir='ltr'><strong>Febr.</strong></span> <span class='ocrx_word' id='word_1_186' title='bbox 2233 2698 2320 2782; x_wconf 68' lang='lat'><strong>³¹³).</strong></span> 
     </span>
    </p>
   </div>
   <div class='ocr_carea' id='block_1_5' title="bbox 137 2843 2530 4355">
    <p class='ocr_par' dir='ltr' id='par_1_5' title="bbox 138 2843 2528 3032">
     <span class='ocr_line' id='line_1_24' title="bbox 282 2843 2528 2953; baseline 0.001 -23"><span class='ocrx_word' id='word_1_187' title='bbox 282 2864 628 2952; x_wconf 88' lang='lat' dir='ltr'><strong>Eugenius</strong></span> <span class='ocrx_word' id='word_1_188' title='bbox 674 2864 1019 2953; x_wconf 85' lang='lat' dir='ltr'><strong>episcopus</strong></span> <span class='ocrx_word' id='word_1_189' title='bbox 1058 2862 1305 2931; x_wconf 87' lang='lat' dir='ltr'><strong>Servus</strong></span> <span class='ocrx_word' id='word_1_190' title='bbox 1349 2853 1710 2930; x_wconf 83' lang='lat' dir='ltr'><strong>Servorum</strong></span> <span class='ocrx_word' id='word_1_191' title='bbox 1752 2843 1922 2946; x_wconf 89' lang='lat' dir='ltr'><strong>Dei,</strong></span> <span class='ocrx_word' id='word_1_192' title='bbox 1982 2863 2065 2930; x_wconf 90' lang='lat' dir='ltr'><strong>ad</strong></span> <span class='ocrx_word' id='word_1_193' title='bbox 2107 2865 2390 2932; x_wconf 87' lang='lat' dir='ltr'><strong>futuram</strong></span> <span class='ocrx_word' id='word_1_194' title='bbox 2431 2867 2528 2933; x_wconf 90' lang='lat' dir='ltr'><strong>rei</strong></span> 
     </span>
     <span class='ocr_line' id='line_1_25' title="bbox 138 2963 1703 3032; baseline 0.001 -4"><span class='ocrx_word' id='word_1_195' title='bbox 138 2963 528 3032; x_wconf 87' lang='lat' dir='ltr'><strong>memoriam.</strong></span> <span class='ocrx_word' id='word_1_196' title='bbox 592 2971 595 2974; x_wconf 78' lang='grc'><strong>’</strong></span> <span class='ocrx_word' id='word_1_197' title='bbox 1696 2969 1703 2978; x_wconf 84' lang='grc'><strong>“</strong></span> 
     </span>
    </p>

    <p class='ocr_par' dir='ltr' id='par_1_6' title="bbox 137 3064 2530 4355">
     <span class='ocr_line' id='line_1_26' title="bbox 188 3064 2530 3155; baseline 0 -23"><span class='ocrx_word' id='word_1_198' title='bbox 188 3085 193 3090; x_wconf 89' lang='grc'>·</span> <span class='ocrx_word' id='word_1_199' title='bbox 298 3065 419 3134; x_wconf 90' lang='lat' dir='ltr'><strong>Ad</strong></span> <span class='ocrx_word' id='word_1_200' title='bbox 460 3087 552 3148; x_wconf 88' lang='lat' dir='ltr'><strong>ea,</strong></span> <span class='ocrx_word' id='word_1_201' title='bbox 595 3087 758 3151; x_wconf 85' lang='lat' dir='ltr'><strong>quae</strong></span> <span class='ocrx_word' id='word_1_202' title='bbox 801 3064 885 3130; x_wconf 89' lang='lat' dir='ltr'><strong>ad</strong></span> <span class='ocrx_word' id='word_1_203' title='bbox 920 3064 1367 3130; x_wconf 87' lang='lat' dir='ltr'><strong>reductionem</strong></span> <span class='ocrx_word' id='word_1_204' title='bbox 1403 3065 1809 3132; x_wconf 89' lang='lat' dir='ltr'><strong>subditorum</strong></span> <span class='ocrx_word' id='word_1_205' title='bbox 1853 3065 2157 3150; x_wconf 90' lang='lat' dir='ltr'><strong>omnium,</strong></span> <span class='ocrx_word' id='word_1_206' title='bbox 2196 3089 2424 3155; x_wconf 81' lang='lat' dir='ltr'><strong>pacem</strong></span> <span class='ocrx_word' id='word_1_207' title='bbox 2463 3076 2530 3133; x_wconf 90' lang='lat' dir='ltr'><strong>et</strong></span> 
     </span>
     <span class='ocr_line' id='line_1_27' title="bbox 139 3155 2524 3254; baseline 0.002 -25"><span class='ocrx_word' id='word_1_208' title='bbox 139 3155 657 3252; x_wconf 86' lang='lat' dir='ltr'><strong>tranquillitatem</strong></span> <span class='ocrx_word' id='word_1_209' title='bbox 697 3165 990 3231; x_wconf 90' lang='lat' dir='ltr'><strong>fidelium</strong></span> <span class='ocrx_word' id='word_1_210' title='bbox 1033 3174 1344 3254; x_wconf 88' lang='lat' dir='ltr'><strong>spectant,</strong></span> <span class='ocrx_word' id='word_1_211' title='bbox 1384 3165 1741 3252; x_wconf 86' lang='lat' dir='ltr'><strong>dirigentes</strong></span> <span class='ocrx_word' id='word_1_212' title='bbox 1771 3167 1976 3231; x_wconf 88' lang='lat' dir='ltr'><strong>aciem</strong></span> <span class='ocrx_word' id='word_1_213' title='bbox 2003 3167 2236 3232; x_wconf 89' lang='lat' dir='ltr'><strong>mentis</strong></span> <span class='ocrx_word' id='word_1_214' title='bbox 2268 3177 2524 3234; x_wconf 89' lang='lat' dir='ltr'><strong>nostrae</strong></span> 
     </span>
     <span class='ocr_line' id='line_1_28' title="bbox 137 3263 2526 3354; baseline 0.002 -24"><span class='ocrx_word' id='word_1_215' title='bbox 137 3264 239 3330; x_wconf 88' lang='lat' dir='ltr'><strong>illa</strong></span> <span class='ocrx_word' id='word_1_216' title='bbox 274 3265 560 3332; x_wconf 88' lang='lat' dir='ltr'><strong>libenter</strong></span> <span class='ocrx_word' id='word_1_217' title='bbox 590 3266 876 3353; x_wconf 74' lang='lat' dir='ltr'><strong>agimuS,</strong></span> <span class='ocrx_word' id='word_1_218' title='bbox 903 3275 977 3329; x_wconf 88' lang='lat' dir='ltr'><strong>ut</strong></span> <span class='ocrx_word' id='word_1_219' title='bbox 1005 3263 1201 3332; x_wconf 86' lang='lat' dir='ltr'><strong>Sedis</strong></span> <span class='ocrx_word' id='word_1_220' title='bbox 1233 3265 1654 3354; x_wconf 76' lang='lat' dir='ltr'><strong>Apostolicae</strong></span> <span class='ocrx_word' id='word_1_221' title='bbox 1683 3267 2048 3353; x_wconf 84' lang='lat' dir='ltr'><strong>benignitas</strong></span> <span class='ocrx_word' id='word_1_222' title='bbox 2073 3268 2262 3334; x_wconf 86' lang='lat' dir='ltr'><strong>latius</strong></span> <span class='ocrx_word' id='word_1_223' title='bbox 2293 3269 2526 3334; x_wconf 86' lang='lat' dir='ltr'><strong>diffun-</strong></span> 
     </span>
     <span class='ocr_line' id='line_1_29' title="bbox 139 3364 2525 3449; baseline 0.003 -19"><span class='ocrx_word' id='word_1_224' title='bbox 139 3365 328 3432; x_wconf 81' lang='lat' dir='ltr'><strong>datur.</strong></span> <span class='ocrx_word' id='word_1_225' title='bbox 418 3365 596 3433; x_wconf 85' lang='lat' dir='ltr'><strong>Sane</strong></span> <span class='ocrx_word' id='word_1_226' title='bbox 659 3366 1023 3432; x_wconf 88' lang='lat' dir='ltr'><strong>carissimus</strong></span> <span class='ocrx_word' id='word_1_227' title='bbox 1090 3365 1161 3430; x_wconf 87' lang='lat' dir='ltr'><strong>in</strong></span> <span class='ocrx_word' id='word_1_228' title='bbox 1205 3364 1462 3432; x_wconf 83' lang='lat' dir='ltr'><strong>Christo</strong></span> <span class='ocrx_word' id='word_1_229' title='bbox 1507 3366 1678 3448; x_wconf 81' lang='lat' dir='ltr'><strong>filius</strong></span> <span class='ocrx_word' id='word_1_230' title='bbox 1697 3414 1718 3449; x_wconf 95' lang='lat'><strong>,</strong></span> <span class='ocrx_word' id='word_1_231' title='bbox 1784 3366 1841 3431; x_wconf 86' lang='lat' dir='ltr'><strong>F</strong></span> <span class='ocrx_word' id='word_1_232' title='bbox 1841 3367 2172 3433; x_wconf 89' lang='lat' dir='ltr'><strong>redericus</strong></span> <span class='ocrx_word' id='word_1_233' title='bbox 2212 3371 2361 3436; x_wconf 80' lang='lat' dir='ltr'><strong>Rex</strong></span> <span class='ocrx_word' id='word_1_234' title='bbox 2397 3371 2525 3437; x_wconf 85' lang='lat' dir='ltr'><strong>Ro-</strong></span> 
     </span>
     <span class='ocr_line' id='line_1_30' title="bbox 138 3465 2528 3556; baseline 0.002 -27"><span class='ocrx_word' id='word_1_235' title='bbox 138 3487 465 3532; x_wconf 84' lang='lat' dir='ltr'><strong>manorum</strong></span> <span class='ocrx_word' id='word_1_236' title='bbox 512 3466 817 3548; x_wconf 87' lang='lat' dir='ltr'><strong>illustris,</strong></span> <span class='ocrx_word' id='word_1_237' title='bbox 876 3488 951 3531; x_wconf 88' lang='lat' dir='ltr'><strong>ac</strong></span> <span class='ocrx_word' id='word_1_238' title='bbox 1008 3465 1399 3530; x_wconf 85' lang='lat' dir='ltr'><strong>venerabilis</strong></span> <span class='ocrx_word' id='word_1_239' title='bbox 1438 3465 1640 3530; x_wconf 84' lang='lat' dir='ltr'><strong>frater</strong></span> <span class='ocrx_word' id='word_1_240' title='bbox 1679 3475 1941 3548; x_wconf 88' lang='lat' dir='ltr'><strong>noster,</strong></span> <span class='ocrx_word' id='word_1_241' title='bbox 2003 3466 2528 3556; x_wconf 84' lang='lat' dir='ltr'><strong>archiepiscopus</strong></span> 
     </span>
     <span class='ocr_line' id='line_1_31' title="bbox 138 3562 2524 3650; baseline 0.001 -23"><span class='ocrx_word' id='word_1_242' title='bbox 138 3562 550 3650; x_wconf 86' lang='lat' dir='ltr'><strong>Maguntinus</strong></span> <span class='ocrx_word' id='word_1_243' title='bbox 570 3613 591 3648; x_wconf 91' lang='lat'><strong>,</strong></span> <span class='ocrx_word' id='word_1_244' title='bbox 653 3574 719 3630; x_wconf 93' lang='lat' dir='ltr'><strong>et</strong></span> <span class='ocrx_word' id='word_1_245' title='bbox 784 3565 1057 3630; x_wconf 87' lang='lat' dir='ltr'><strong>dilectus</strong></span> <span class='ocrx_word' id='word_1_246' title='bbox 1116 3564 1287 3628; x_wconf 87' lang='lat' dir='ltr'><strong>filius</strong></span> <span class='ocrx_word' id='word_1_247' title='bbox 1346 3564 1582 3630; x_wconf 89' lang='lat' dir='ltr'><strong>nobilis</strong></span> <span class='ocrx_word' id='word_1_248' title='bbox 1638 3566 1739 3630; x_wconf 85' lang='lat' dir='ltr'><strong>vir</strong></span> <span class='ocrx_word' id='word_1_249' title='bbox 1797 3565 2187 3632; x_wconf 86' lang='lat' dir='ltr'><strong>Fredericus</strong></span> <span class='ocrx_word' id='word_1_250' title='bbox 2237 3566 2524 3631; x_wconf 86' lang='lat' dir='ltr'><strong>Marchio</strong></span> 
     </span>
     <span class='ocr_line' id='line_1_32' title="bbox 140 3662 2528 3754; baseline 0 -25"><span class='ocrx_word' id='word_1_251' title='bbox 140 3662 807 3751; x_wconf 87' lang='lat' dir='ltr'><strong>Brandenburgensis,</strong></span> <span class='ocrx_word' id='word_1_252' title='bbox 852 3665 1015 3730; x_wconf 88' lang='lat' dir='ltr'><strong>sacri</strong></span> <span class='ocrx_word' id='word_1_253' title='bbox 1056 3664 1315 3752; x_wconf 88' lang='lat' dir='ltr'><strong>imperii</strong></span> <span class='ocrx_word' id='word_1_254' title='bbox 1362 3664 1700 3749; x_wconf 88' lang='lat' dir='ltr'><strong>electores,</strong></span> <span class='ocrx_word' id='word_1_255' title='bbox 1743 3666 1982 3751; x_wconf 88' lang='lat' dir='ltr'><strong>aliique</strong></span> <span class='ocrx_word' id='word_1_256' title='bbox 2022 3664 2316 3731; x_wconf 90' lang='lat' dir='ltr'><strong>nonnulli</strong></span> <span class='ocrx_word' id='word_1_257' title='bbox 2343 3687 2528 3754; x_wconf 86' lang='lat' dir='ltr'><strong>prae-</strong></span> 
     </span>
     <span class='ocr_line' id='line_1_33' title="bbox 137 3761 2526 3854; baseline 0.002 -29"><span class='ocrx_word' id='word_1_258' title='bbox 137 3761 237 3828; x_wconf 85' lang='lat' dir='ltr'><strong>lati</strong></span> <span class='ocrx_word' id='word_1_259' title='bbox 289 3774 355 3830; x_wconf 88' lang='lat' dir='ltr'><strong>et</strong></span> <span class='ocrx_word' id='word_1_260' title='bbox 415 3765 745 3854; x_wconf 84' lang='lat' dir='ltr'><strong>principes</strong></span> <span class='ocrx_word' id='word_1_261' title='bbox 802 3765 1080 3830; x_wconf 87' lang='lat' dir='ltr'><strong>nationis</strong></span> <span class='ocrx_word' id='word_1_262' title='bbox 1124 3763 1514 3832; x_wconf 83' lang='lat' dir='ltr'><strong>Germanice</strong></span> <span class='ocrx_word' id='word_1_263' title='bbox 1556 3789 1677 3854; x_wconf 88' lang='lat' dir='ltr'><strong>pro</strong></span> <span class='ocrx_word' id='word_1_264' title='bbox 1720 3769 1890 3832; x_wconf 87' lang='lat' dir='ltr'><strong>bono</strong></span> <span class='ocrx_word' id='word_1_265' title='bbox 1933 3767 2112 3854; x_wconf 86' lang='lat' dir='ltr'><strong>pacis</strong></span> <span class='ocrx_word' id='word_1_266' title='bbox 2158 3775 2224 3832; x_wconf 90' lang='lat' dir='ltr'><strong>et</strong></span> <span class='ocrx_word' id='word_1_267' title='bbox 2263 3787 2526 3831; x_wconf 91' lang='lat' dir='ltr'><strong>concor-</strong></span> 
     </span>
     <span class='ocr_line' id='line_1_34' title="bbox 142 3864 2529 3955; baseline 0.001 -25"><span class='ocrx_word' id='word_1_268' title='bbox 142 3864 304 3951; x_wconf 87' lang='lat' dir='ltr'><strong>diae,</strong></span> <span class='ocrx_word' id='word_1_269' title='bbox 364 3876 431 3933; x_wconf 90' lang='lat' dir='ltr'><strong>et</strong></span> <span class='ocrx_word' id='word_1_270' title='bbox 480 3867 563 3932; x_wconf 82' lang='lat' dir='ltr'><strong>ad</strong></span> <span class='ocrx_word' id='word_1_271' title='bbox 604 3866 895 3932; x_wconf 85' lang='lat' dir='ltr'><strong>tollenda</strong></span> <span class='ocrx_word' id='word_1_272' title='bbox 936 3865 1237 3930; x_wconf 85' lang='lat' dir='ltr'><strong>scandala</strong></span> <span class='ocrx_word' id='word_1_273' title='bbox 1282 3865 1558 3930; x_wconf 88' lang='lat' dir='ltr'><strong>nationis</strong></span> <span class='ocrx_word' id='word_1_274' title='bbox 1599 3867 1924 3955; x_wconf 83' lang='lat' dir='ltr'><strong>praefatae</strong></span> <span class='ocrx_word' id='word_1_275' title='bbox 1969 3867 2154 3932; x_wconf 86' lang='lat' dir='ltr'><strong>nobis</strong></span> <span class='ocrx_word' id='word_1_276' title='bbox 2197 3864 2529 3932; x_wconf 85' lang='lat' dir='ltr'><strong>humiliter</strong></span> 
     </span>
     <span class='ocr_line' id='line_1_35' title="bbox 140 3966 2527 4056; baseline 0.001 -26"><span class='ocrx_word' id='word_1_277' title='bbox 140 3968 590 4056; x_wconf 87' lang='lat' dir='ltr'><strong>supplicarunt,</strong></span> <span class='ocrx_word' id='word_1_278' title='bbox 633 3975 831 4055; x_wconf 88' lang='lat' dir='ltr'><strong>prout</strong></span> <span class='ocrx_word' id='word_1_279' title='bbox 867 3966 937 4031; x_wconf 89' lang='lat' dir='ltr'><strong>in</strong></span> <span class='ocrx_word' id='word_1_280' title='bbox 980 3966 1281 4054; x_wconf 88' lang='lat' dir='ltr'><strong>capitulo,</strong></span> <span class='ocrx_word' id='word_1_281' title='bbox 1324 3967 1770 4054; x_wconf 85' lang='lat' dir='ltr'><strong>praesentibus</strong></span> <span class='ocrx_word' id='word_1_282' title='bbox 1803 3967 1886 4032; x_wconf 88' lang='lat' dir='ltr'><strong>de</strong></span> <span class='ocrx_word' id='word_1_283' title='bbox 1914 3968 2117 4032; x_wconf 80' lang='lat' dir='ltr'><strong>verbo</strong></span> <span class='ocrx_word' id='word_1_284' title='bbox 2145 3966 2226 4030; x_wconf 85' lang='lat' dir='ltr'><strong>ad</strong></span> <span class='ocrx_word' id='word_1_285' title='bbox 2254 3967 2527 4032; x_wconf 86' lang='lat' dir='ltr'><strong>verbum</strong></span> 
     </span>
     <span class='ocr_line' id='line_1_36' title="bbox 139 4063 2528 4152; baseline 0.002 -23"><span class='ocrx_word' id='word_1_286' title='bbox 139 4063 389 4151; x_wconf 89' lang='lat' dir='ltr'><strong>inserto,</strong></span> <span class='ocrx_word' id='word_1_287' title='bbox 440 4063 822 4149; x_wconf 82' lang='lat' dir='ltr'><strong>continetur,</strong></span> <span class='ocrx_word' id='word_1_288' title='bbox 870 4065 1161 4152; x_wconf 86' lang='lat' dir='ltr'><strong>sequitur</strong></span> <span class='ocrx_word' id='word_1_289' title='bbox 1204 4076 1270 4132; x_wconf 91' lang='lat' dir='ltr'><strong>et</strong></span> <span class='ocrx_word' id='word_1_290' title='bbox 1308 4075 1408 4131; x_wconf 87' lang='lat' dir='ltr'><strong>est</strong></span> <span class='ocrx_word' id='word_1_291' title='bbox 1450 4066 1631 4132; x_wconf 86' lang='lat' dir='ltr'><strong>talis:</strong></span> <span class='ocrx_word' id='word_1_292' title='bbox 1679 4065 1888 4149; x_wconf 79' lang='lat' dir='ltr'><strong>„Item</strong></span> <span class='ocrx_word' id='word_1_293' title='bbox 1926 4065 2140 4130; x_wconf 87' lang='lat' dir='ltr'><strong>omnia</strong></span> <span class='ocrx_word' id='word_1_294' title='bbox 2183 4075 2244 4130; x_wconf 94' lang='lat' dir='ltr'><strong>ct</strong></span> <span class='ocrx_word' id='word_1_295' title='bbox 2269 4066 2528 4152; x_wconf 81' lang='lat' dir='ltr'><strong>singula</strong></span> 
     </span>
     <span class='ocr_line' id='line_1_37' title="bbox 144 4165 2524 4255; baseline 0.001 -25"><span class='ocrx_word' id='word_1_296' title='bbox 144 4186 288 4251; x_wconf 80' lang='lat' dir='ltr'><strong>„per</strong></span> <span class='ocrx_word' id='word_1_297' title='bbox 331 4166 545 4255; x_wconf 88' lang='lat' dir='ltr'><strong>ipsum</strong></span> <span class='ocrx_word' id='word_1_298' title='bbox 592 4166 924 4232; x_wconf 90' lang='lat' dir='ltr'><strong>dominum</strong></span> <span class='ocrx_word' id='word_1_299' title='bbox 964 4165 1338 4252; x_wconf 88' lang='lat' dir='ltr'><strong>Eugenium</strong></span> <span class='ocrx_word' id='word_1_300' title='bbox 1380 4165 1626 4254; x_wconf 90' lang='lat' dir='ltr'><strong>Papam</strong></span> <span class='ocrx_word' id='word_1_301' title='bbox 1666 4166 1939 4232; x_wconf 88' lang='lat' dir='ltr'><strong>durante</strong></span> <span class='ocrx_word' id='word_1_302' title='bbox 1985 4166 2344 4232; x_wconf 89' lang='lat' dir='ltr'><strong>animorum</strong></span> <span class='ocrx_word' id='word_1_303' title='bbox 2388 4190 2524 4232; x_wconf 91' lang='lat' dir='ltr'><strong>sus-</strong></span> 
     </span>
     <span class='ocr_line' id='line_1_38' title="bbox 146 4265 2524 4355; baseline 0.001 -26"><span class='ocrx_word' id='word_1_304' title='bbox 146 4265 482 4352; x_wconf 83' lang='lat' dir='ltr'><strong>„pensione</strong></span> <span class='ocrx_word' id='word_1_305' title='bbox 528 4265 860 4355; x_wconf 89' lang='lat' dir='ltr'><strong>praedicta</strong></span> <span class='ocrx_word' id='word_1_306' title='bbox 906 4274 1128 4331; x_wconf 89' lang='lat' dir='ltr'><strong>contra</strong></span> <span class='ocrx_word' id='word_1_307' title='bbox 1172 4276 1237 4330; x_wconf 90' lang='lat' dir='ltr'><strong>et</strong></span> <span class='ocrx_word' id='word_1_308' title='bbox 1272 4265 1583 4331; x_wconf 86' lang='lat' dir='ltr'><strong>adversus</strong></span> <span class='ocrx_word' id='word_1_309' title='bbox 1619 4266 2198 4332; x_wconf 86' lang='lat' dir='ltr'><strong>reverendissimos</strong></span> <span class='ocrx_word' id='word_1_310' title='bbox 2238 4266 2307 4331; x_wconf 89' lang='lat' dir='ltr'><strong>in</strong></span> <span class='ocrx_word' id='word_1_311' title='bbox 2337 4265 2524 4333; x_wconf 84' lang='lat' dir='ltr'><strong>Chri-</strong></span> 
     </span>
    </p>
   </div>
   <div class='ocr_carea' id='block_1_6' title="bbox 144 4415 518 4428">
    <p class='ocr_par' dir='ltr' id='par_1_7' title="bbox 144 4415 518 4428">
     <span class='ocr_line' id='line_1_39' title="bbox 144 4415 518 4428; baseline 0 556"><span class='ocrx_word' id='word_1_312' title='bbox 144 4415 518 4428; x_wconf 95' lang='lat' dir='ltr'><strong> </strong></span> 
     </span>
    </p>
   </div>
   <div class='ocr_carea' id='block_1_7' title="bbox 326 4509 1942 4580">
    <p class='ocr_par' dir='ltr' id='par_1_8' title="bbox 326 4509 1942 4580">
     <span class='ocr_line' id='line_1_40' title="bbox 326 4509 1942 4580; baseline 0.001 -16"><span class='ocrx_word' id='word_1_313' title='bbox 326 4509 377 4578; x_wconf 85' lang='lat'><strong>*)</strong></span> <span class='ocrx_word' id='word_1_314' title='bbox 408 4509 497 4564; x_wconf 85' lang='lat' dir='ltr'><strong>Ex</strong></span> <span class='ocrx_word' id='word_1_315' title='bbox 530 4509 805 4580; x_wconf 79' lang='lat' dir='ltr'><strong>Raynaldi</strong></span> <span class='ocrx_word' id='word_1_316' title='bbox 838 4511 1021 4565; x_wconf 84' lang='lat' dir='ltr'><strong>annal.</strong></span> <span class='ocrx_word' id='word_1_317' title='bbox 1058 4511 1255 4566; x_wconf 86' lang='lat' dir='ltr'><strong>eccles.</strong></span> <span class='ocrx_word' id='word_1_318' title='bbox 1297 4510 1451 4566; x_wconf 88' lang='lat' dir='ltr'><strong>Tom.</strong></span> <span class='ocrx_word' id='word_1_319' title='bbox 1490 4509 1688 4566; x_wconf 86' lang='lat' dir='ltr'><strong>XVIII.</strong></span> <span class='ocrx_word' id='word_1_320' title='bbox 1725 4526 1780 4578; x_wconf 86' lang='lat' dir='ltr'><strong>p.</strong></span> <span class='ocrx_word' id='word_1_321' title='bbox 1819 4510 1942 4566; x_wconf 75' lang='lat'><strong>330.</strong></span> 
     </span>
    </p>
   </div>
  </div>
 </body>
</html>
