2959 4984
541 339 688 389 xm.
769 337 1250 389 CONCORDA'I'A
1295 338 1916 394 CONSTANTIENSIA
1952 344 2014 393 A.
2058 340 2215 395 1418.
2506 346 2577 399 93

178 525 336 588 quae
378 526 538 569 vero
580 503 918 568 excessivo
964 511 1216 567 taxatae
1261 510 1426 584 sunt,
1469 501 1636 567 iuste
1678 511 2075 587 retaxentur,
2122 514 2187 569 et
2230 506 2571 593 providea-

175 614 272 668 tur
312 604 682 693 specialiter
744 606 811 669 in
869 604 1152 690 gravatis
1211 603 1589 687 regionibus
1650 605 2005 670 seeundum
2054 606 2427 690 qualitatem
2471 631 2572 673 re-

173 728 331 787 rum,
375 714 743 792 temporum
786 714 851 768 et
888 706 1252 789 regionum,
1293 724 1376 768 ne
1415 704 1685 769 nimium
1715 715 2248 792 praegraventur,
2283 708 2365 771 ad
2398 710 2571 794 quod

175 805 496 869 dabuntur
541 804 980 887 commissarii,
1027 806 1136 889 qui
1177 804 1532 889 diligenter
1574 805 1901 889 inquirant
1946 815 2010 869 et
2050 816 2364 872 retaxent.
2452 808 2573 874 Ta-

175 926 292 969 xae
335 914 554 969 autem
594 904 966 993 praedictae
1025 927 1144 991 pro
1189 904 1402 968 'media
1460 911 1643 990 parte
1688 904 1855 969 infra
1896 929 2168 989 annum,
2228 933 2265 972 a
2307 909 2411 973 die
2461 910 2568 973 ha-

177 1005 345 1069 bitae
387 1004 822 1093 possessionis
877 1003 1181 1092 pacificae
1246 1004 1438 1067 totius
1503 1004 1613 1067 vel
1656 1004 1916 1068 maioris
1974 1008 2173 1092 partis
2220 1009 2570 1091 solventur,

176 1115 236 1169 et
277 1115 402 1193 pro
447 1106 664 1170 media
726 1115 908 1193 parte
963 1104 1085 1169 alia
1127 1104 1294 1169 infra
1361 1114 1741 1189 sequentem
1802 1129 2059 1170 annum.
2150 1107 2235 1171 Et
2292 1109 2343 1171 si
2406 1110 2573 1174 infra

171 1230 408 1271 annum
451 1207 552 1271 bis
611 1207 720 1270 vel
759 1206 1004 1293 pluries
1048 1205 1455 1288 vacaverint,
1526 1204 1729 1270 semel
1773 1214 2019 1270 tantum
2062 1208 2346 1273 solvatur
2374 1260 2393 1292 ,
2452 1234 2573 1275 nec

173 1306 460 1373 debitum
515 1306 886 1371 huiusmodi
952 1306 1020 1369 in
1087 1327 1527 1370 successorem
1582 1307 1650 1369 in
1692 1306 1984 1371 Ecclesia
2024 1309 2130 1373 vel
2176 1308 2569 1377 Monasterio

171 1417 468 1473 transeat.
508 1407 616 1473 De
658 1406 930 1471 caeteris
971 1414 1185 1470 autem
1233 1406 1676 1491 dignitatibus,
1718 1408 2189 1493 personatibus,
2234 1410 2465 1475 officiis
2506 1422 2572 1475 et

170 1509 503 1573 beneficiis
547 1508 940 1572 secularibus
987 1507 1474 1591 quibuscunque
1514 1517 1581 1570 et
1624 1508 2053 1592 regularibuS,
2100 1532 2263 1593 quae
2294 1513 2569 1577 auctori-

171 1616 291 1671 tate
351 1608 534 1673 sedis
569 1608 986 1697 Apostolicae
1025 1608 1478 1689 conferentur,
1526 1608 1633 1671 vel
1679 1608 2127 1695 providebitur
2182 1612 2249 1675 in
2303 1612 2569 1697 eisdem,

175 1710 653 1795 (praeterquam
689 1710 918 1795 vigore
963 1710 1316 1795 gratiarum
1343 1710 1891 1797 expectativarum
1932 1721 2041 1776 aut
2086 1736 2272 1778 causa
2312 1737 2570 1801 permu-

171 1811 456 1896 tationis)
519 1812 848 1875 solvantur
909 1820 1138 1874 annata
1200 1832 1314 1874 seu
1373 1810 1571 1874 medii
1627 1811 1872 1875 fructus
1928 1812 2107 1877 iuxta
2163 1824 2378 1877 taxam
2422 1816 2569 1879 soli-

173 1920 292 1976 tam
349 1922 654 2001 tempore
717 1911 971 1976 unionis
1039 1908 1523 1998 (possessionis)
1587 1912 1754 1977 infra
1810 1935 2086 1994 annum3
2158 1922 2225 1978 et
2278 1915 2575 1980 debitum*

170 2013 542 2078 huiusmodi
578 2014 656 2076 in'
692 2033 1134 2077 successorem
1173 2011 1241 2076 in
1285 2013 1603 2077 beneficio
1644 2036 1777 2078 non
1818 2023 2116 2079 transeat.

328 2115 445 2178 De
486 2112 852 2194 beneficiiS,
903 2134 1065 2195 quae
1111 2113 1401 2177 valorem
1441 2113 1675 2199 viginti
1721 2124 1994 2198 quatuor
2040 2118 2436 2182 florenorum
2486 2118 2569 2183 de

174 2213 448 2280 Gamera
487 2238 621 2283 non
665 2214 1010 2296 excedunt,
1053 2214 1216 2278 nihil
1263 2215 1581 2297 solvatur3
1630 2215 1863 2280 debitis
1898 2218 2195 2283 omnibus
2237 2205 2570 2306 praeteriti

173 2314 484 2403 temporis
530 2336 735 2399 usque
782 2314 863 2377 ad
909 2314 1366 2379 assumtionem
1409 2316 1675 2380 Domini
1718 2318 1922 2381 nostri
1956 2320 2391 2383 communium
2434 2342 2565 2384 ser·
2587 2344 2604 2359 ·

173 2416 475 2480 vitiorum
523 2424 588 2480 et
631 2424 1007 2480 annatarum
1048 2438 1168 2502 pro
1201 2415 1548 2481 medietate
1579 2417 1903 2500 relaxatiS,
1945 2420 2341 2484 solventibus
2379 2420 2565 2483 aliam

171 2516 586 2581 medietatem
628 2515 794 2579 infra
837 2538 957 2579 sex
999 2537 1256 2580 menses
1299 2540 1336 2580 a
1379 2516 1482 2581 die
1533 2517 2003 2604 publicationis,

327 2668 454 2732 IV.
547 2665 646 2731 De
691 2668 903 2732 causis
950 2667 1310 2730 tractandis
1359 2668 1427 2730 in
1467 2667 1765 2731 Romana
1817 2666 2021 2737 Curia
2064 2668 2171 2731 vel
2209 2690 2358 2729 non.
2406 2666 2568 2732 San-

175 2767 492 2831 ctissimus
552 2767 874 2831 Dominus
932 2776 1152 2830 noster
1207 2766 1337 2830 PP.
1381 2766 1697 2833 Martinus
1740 2769 1825 2832 V.
1894 2768 2114 2832 statuit
2170 2776 2235 2831 et
2297 2768 2570 2851 ordinat,

177 2868 341 2951 quod
387 2867 609 2931 nullae
663 2888 889 2931 causae
953 2866 1020 2930 in
1063 2867 1351 2931 Romana
1397 2866 1594 2933 Curia
1658 2868 2131 2933 committantur
2157 2918 2177 2951 ,
2242 2870 2363 2932 nisi
2406 2890 2569 2953 quae

178 2966 253 3030 de
293 2968 443 3032 iure
504 2976 570 3030 et
631 2976 870 3039 natura>
912 2986 1138 3031 causae
1196 2967 1265 3030 in
1305 2968 1596 3033 Romana
1642 2967 1837 3033 Curia
1900 2968 2156 3032 tractari
2222 2968 2570 3049 debebunt,

181 3075 242 3129 et
279 3066 464 3152 quod
514 3088 760 3148 causae,
809 3088 972 3151 quae
1015 3066 1097 3131 ad
1143 3067 1355 3132 forum
1403 3068 1906 3132 ecclesiasticum
1954 3069 2035 3131 de
2081 3069 2222 3132 iure
2270 3069 2377 3131 vel
2421 3090 2569 3130 con-

183 3167 522 3231 suetudine
570 3190 700 3230 non
742 3166 1088 3254 pertinent,
1133 3190 1254 3253 per
1302 3165 1565 3231 Curiam
1594 3169 1947 3233 Romanam
1996 3168 2186 3230 etiam
2227 3174 2573 3254 praetextu

183 3266 752 3352 crucesignationis
796 3266 1136 3331 Laicorum
1201 3276 1385 3331 extra
1445 3276 1699 3354 tempus
1746 3266 2027 3353 passagii
2072 3267 2399 3351 generalis
2444 3289 2573 3330 non

182 3366 513 3455 recipiant,
559 3366 642 3430 de
682 3360 815 3430 'illis
865 3366 1320 3451 cognoscendo
1362 3367 1429 3430 in
1477 3366 1673 3432 Curia
1714 3368 1821 3430 vel
1864 3376 2047 3431 extra
2092 3366 2572 3444 committendO,

183 3466 296 3530 nisi
337 3467 425 3530 de
466 3488 784 3530 consensu
826 3467 1122 3554 partium.
1211 3468 1396 3549 Quae
1447 3489 1605 3531 vero
1667 3467 1749 3531 ad
1814 3466 2026 3531 forum
2073 3467 2575 3531 ecclesiasticum

183 3567 542 3651 pertinent,
612 3576 678 3630 et
726 3566 807 3631 de
852 3567 992 3631 iure
1039 3576 1188 3630 sunt
1230 3589 1350 3655 per
1398 3568 1899 3655 appellationem
1959 3576 2070 3631 aut
2114 3567 2267 3630 alias
2320 3566 2401 3629 ad
2445 3568 2573 3631 Ro-

184 3689 432 3733 manam
479 3666 742 3733 Curiam
788 3668 1174 3751 devolutae,
1247 3691 1321 3732 ac
1381 3668 1462 3732 de
1501 3668 1599 3733 sui
1645 3678 1869 3733 natura
1912 3668 1979 3732 in
2027 3667 2254 3751 eade-m
2306 3673 2573 3727 tractan-

190 3766 323 3851 dae,
350 3778 707 3833 tractentur
747 3769 815 3833 in
855 3792 960 3851 ea3
1007 3778 1297 3833 caeterae
1328 3764 1806 3833 committantur
1848 3770 1917 3832 in
1949 3768 2255 3857 partibuS,
2290 3765 2410 3829 nisi
2446 3766 2573 3828 for-

186 3891 290 3933 san
330 3892 454 3957 pro
503 3892 728 3935 causae
777 3860 842 3935 et
880 3870 1303 3958 personarum
1363 3870 1667 3955 qualitate
1725 3871 1794 3933 in
1842 3868 2290 3933 commissione
2360 3865 2573 3951 expri-

187 3972 415 4035 menda
453 3970 600 4035 illas
645 3970 898 4037 tractari
940 3970 1008 4034 in
1037 3969 1232 4035 Curia
1278 3971 1606 4057 expediet,
1652 3990 1771 4059 pro
1816 3969 2055 4034 iustitia
2099 3965 2573 4048 consequenda,

187 4072 285 4135 vel
325 4072 406 4135 de
447 4070 728 4159 partium
773 4092 1090 4167 consensu
1131 4068 1199 4134 in
1248 4068 1442 4135 Curia
1479 4079 1850 4134 tractentur.

342 4222 424 4287 V.
515 4220 618 4286 De
663 4220 1090 4285 Commendz‘s.
1189 4220 1470 4287 Ordinat
1504 4221 1826 4285 Dominus
1872 4227 2095 4283 noster
2138 4218 2314 4305 Papa
2336 4267 2355 4299 ,
2406 4216 2581 4303 quod

190 4320 251 4383 in
295 4330 628 4409 posterum
669 4321 1064 4387 Monasteria
1119 4330 1230 4385 aut
1288 4322 1509 4407 magni
1561 4321 1889 4386 Prioratus
1938 4320 2395 4383 conventuales
2442 4319 2579 4403 (ha-

191 4421 434 4509 bentes)
477 4422 606 4487 hiis
647 4422 1052 4510 temporibus
1079 4422 1250 4485 ultra
1277 4422 1507 4485 decem
1532 4421 1898 4505 religiosos,
1940 4428 2007 4481 et
2036 4420 2249 4484 officia
2276 4419 2576 4484 claustra-

195 4518 305 4603 lia,
347 4511 693 4609 dignitates
737 4521 1018 4587 maiores
1059 4530 1206 4611 post
1242 4519 1694 4586 Pontifiealem
1739 4518 1808 4580 in
1858 4516 2376 4598 CathedralibuS,
2420 4518 2581 4582 sicut
