2959 4984
380 298 472 348 Vl.
543 295 841 348 ΒΕΘ-ΗΒΑ
879 293 1412 347 CHRODOGANGI
1445 292 1777 346 EPISGOPI
1812 293 2179 348 METENSts.
2266 307 2277 316 ·
2413 294 2485 350 38

111 459 378 528 Secunda
415 467 642 524 mensa
681 482 830 524 cum
867 457 1290 546 presbyteris.
1335 457 1556 523 Tertia
1597 479 1745 522 cum
1782 457 2175 525 diaconibus,
2224 461 2473 542 Quarta

113 585 232 626 cum
273 559 788 625 subdiaconibus.
874 558 1115 642 Quinta
1167 580 1314 622 cum
1361 555 1633 640 reliquis
1677 556 2007 642 gradibus.
2088 557 2297 626 Sexta
2334 583 2481 626 cum

112 659 408 726 abbatibus
431 709 451 742 ,
518 660 630 724 vel
691 681 850 742 quos
905 657 1166 724 iusserit
1205 657 1404 744 prior.
1489 656 1571 720 In
1610 656 1884 743 septima
1922 657 2217 724 reficiant
2256 659 2475 725 clerici

114 760 404 840 canonici,
477 759 589 841 qui
649 767 834 823 extra
895 759 1171 822 claustra
1213 757 1282 822 in
1329 756 1583 820 civitate
1626 767 2071 840 commanent,
2136 759 2205 825 in
2246 759 2475 825 diebus

110 859 433 924 Dominicis
457 907 478 941 ,
537 859 648 922 vel
697 858 1148 922 festivitatibus
1191 855 1559 945 praeclaris
1654 853 1821 920 Cum
1863 867 2079 922 autem
2122 858 2283 924 hora
2324 860 2473 924 refi-

112 957 295 1024 ciendi
333 959 590 1022 venerit
604 1006 625 1040 ,
693 967 758 1020 et
802 957 1059 1042 signum
1101 956 1182 1022 ad
1223 954 1641 1021 refectorium
1682 956 1971 1020 sonuerit
1986 1004 2005 1037 ,
2052 966 2203 1022 tuno
2244 959 2477 1026 fratres

107 1081 232 1122 cum
291 1057 702 1122 festinatione
769 1057 928 1122 illuc
989 1056 1338 1121 adveniant
1356 1103 1375 1136 ,
1445 1064 1513 1119 et
1567 1053 1759 1120 simul
1816 1055 1887 1120 in
1922 1057 2340 1125 refectorium
2378 1061 2477 1126 in-

107 1165 363 1240 troeant,
425 1157 750 1240 simulque
795 1167 984 1222 orent
1003 1206 1024 1240 ,
1071 1165 1136 1221 et
1173 1179 1438 1222 versum
1485 1154 1737 1237 dicant3
1813 1165 1879 1220 et
1921 1179 2065 1222 cum
2110 1159 2475 1247 episcopus,

105 1258 196 1321 vel
225 1257 378 1322 alius
419 1255 724 1320 sacerdos
764 1256 1282 1322 benedictionem
1317 1277 1515 1342 super
1542 1277 1797 1320 mensas
1825 1256 2185 1340 tradiderit,
2228 1279 2475 1344 omnes,

109 1357 312 1435 Amen,
352 1354 822 1442 respondeant:
899 1365 966 1419 et
1004 1366 1078 1420 ut
1123 1355 1468 1443 dispositus
1512 1355 1675 1420 ordo
1722 1364 1855 1438 est,
1910 1358 2351 1444 unusquisque
2390 1362 2474 1426 ad

111 1481 268 1522 suam
304 1477 590 1520 mensam
631 1455 914 1519 accedat.

253 1554 480 1621 Clerus
522 1576 680 1618 vero
743 1554 813 1619 in
865 1553 1212 1618 refectorio
1268 1555 1527 1620 omnino
1586 1554 1915 1620 silentium
1958 1565 2175 1622 teneat
2214 1559 2475 1626 interim

109 1655 263 1740 quod
303 1653 543 1720 exinde
583 1653 756 1718 foras
811 1652 1277 1738 egrediuntur3
1349 1654 1626 1738 qualiter
1688 1654 1869 1718 illam
1925 1655 2272 1722 lectionem
2318 1659 2477 1726 divi-

105 1779 234 1820 nam
287 1755 490 1843 possit
543 1751 768 1817 audire
829 1762 894 1817 et
947 1752 1016 1816 in
1056 1753 1254 1818 corde
1295 1753 1613 1818 meditari.
1698 1754 1870 1836 Quia
1912 1756 2007 1820 sic
2050 1766 2148 1820 est
2186 1779 2475 1842 necesse,

105 1864 168 1920 ut
212 1855 456 1940 quando
501 1853 714 1918 cibum
761 1853 1168 1939 corporalem
1203 1852 1470 1940 recipit,
1532 1863 1599 1918 et
1644 1862 1797 1918 tunc
1846 1855 2057 1918 anima
2098 1857 2243 1922 cibo
2284 1857 2471 1946 spiri-

105 1953 248 2016 tuali
287 1953 632 2018 reficiatur.
673 1953 759 2018 Et
803 1953 1030 2036 lector,
1077 1962 1144 2017 et
1185 1954 1590 2034 cellerarius,
1630 1961 1695 2016 et
1735 1953 2055 2040 portarius
2070 2003 2090 2036 ,
2131 1957 2241 2019 vel
2282 1958 2477 2046 septi·-

106 2053 398 2118 manarius
420 2101 440 2134 ,
498 2054 608 2119 vel
655 2053 762 2138 qui
805 2053 1170 2120 ministrant
1190 2103 1210 2136 ,
1286 2052 1545 2138 quando
1604 2053 1945 2141 episcopus
2004 2077 2151 2118 cum
2192 2056 2368 2122 clero
2407 2059 2479 2122 in

101 2152 422 2218 refectorio
464 2153 694 2234 reficit,
737 2163 1081 2238 antequam
1126 2155 1354 2218 fratres
1393 2153 1463 2217 in
1504 2153 1923 2218 refectorium
1968 2155 2229 2248 veniant
2245 2201 2265 2236 ,
2312 2159 2477 2222 mix·

103 2260 227 2314 tum
275 2251 354 2316 de
408 2273 578 2340 pane
627 2261 692 2316 et
737 2260 898 2340 potu
938 2251 1281 2339 accipiant,
1349 2261 1422 2316 ut
1481 2273 1683 2338 grave
1722 2252 1825 2316 -eis
1869 2275 2001 2318 non
2042 2255 2127 2318 sit
2168 2252 2479 2320 ieiunium

106 2351 447 2416 substinere
494 2351 753 2415 interim
798 2350 974 2436 quod
1018 2351 1230 2416 clerus
1269 2351 1500 2416 reficit.
1557 2350 1729 2416 Nam
1764 2351 1971 2416 lector
2012 2352 2212 2436 legat,
2272 2375 2481 2438 usque

107 2449 244 2514 dum
282 2450 542 2515 iusserit
579 2451 778 2538 prior,
822 2460 895 2516 ut
939 2450 1200 2538 expleat
1238 2450 1610 2516 lectionem.

253 2549 427 2614 Illud
473 2551 734 2614 omnino
783 2550 1140 2614 cavendum
1188 2558 1287 2614 cst
1307 2599 1327 2633 ,
1394 2558 1468 2614 ut
1511 2571 1725 2634 neque
1788 2549 2157 2615 sacerdotes
2181 2598 2201 2632 ,
2272 2571 2485 2636 neque

105 2648 372 2732 diaconi,
439 2672 657 2734 neque
703 2648 1114 2732 subdiaconi,
1177 2650 1284 2714 vel
1347 2649 1619 2733 quilibet
1679 2649 1763 2714 de
1808 2649 1983 2714 clero
2032 2649 2246 2714 cibum
2266 2697 2286 2730 ,
2358 2669 2483 2716 nec

101 2749 262 2813 aliud
301 2748 477 2834 quod
519 2749 602 2812 ad
645 2748 1163 2813 manducandum
1210 2750 1320 2813 vel
1373 2747 1731 2814 bibendum
1787 2749 2105 2837 pertinet,
2172 2748 2313 2812 sine
2348 2749 2479 2814 ius-

107 2848 275 2914 sione
321 2848 612 2937 episcopi
655 2848 738 2913 de
780 2848 1127 2913 refectorio
1169 2857 1408 2937 portet.

249 2949 336 3015 Et
369 2948 499 3013 hoc
549 2947 908 3012 cavendum
968 2957 1066 3013 est
1084 2997 1104 3030 ,
1165 2958 1238 3012 ut
1279 2957 1426 3012 ante
1470 2947 1831 3033 legitimam
1887 2948 2148 3030 horam,
2220 2948 2345 3014 nisi
2382 2948 2481 3013 illi

103 3048 202 3130 qui
235 3049 358 3114 hoc
395 3047 746 3137 providere
793 3048 1072 3129 debent,
1135 3069 1347 3132 neque
1389 3046 1472 3111 ad
1518 3045 2035 3112 manducandum
2064 3095 2083 3128 ,
2142 3067 2355 3131 neque
2398 3046 2481 3110 ad

101 3149 440 3214 bibendum
491 3147 562 3211 in
597 3145 1013 3212 refectorium
1071 3145 1312 3212 intrare
1364 3169 1498 3212 non
1556 3146 1797 3212 debent
1838 3147 1974 3210 sine
2014 3146 2299 3212 iussione
2342 3146 2479 3235 epi-

104 3250 303 3338 scopi,
363 3258 474 3314 aut
518 3247 628 3332 qui
671 3256 822 3311 tunc
860 3256 1155 3334 tempore
1198 3254 1499 3334 praeest:
1552 3267 1767 3331 neque
1812 3246 2222 3312 cellerarium
2264 3257 2485 3312 contra

97 3349 398 3414 rationem
439 3346 838 3432 inquietare3
909 3347 1028 3410 sed
1084 3345 1262 3410 horis
1315 3346 1827 3433 competentibus
1887 3355 2111 3433 petant
2166 3367 2329 3430 quae
2373 3368 2487 3434 pe-

103 3448 288 3513 tenda
329 3457 494 3530 sunt,
540 3455 607 3512 et
654 3447 888 3510 dentur
933 3467 1098 3532 quae
1145 3445 1354 3510 danda
1393 3455 1561 3511 sunt.

257 3549 336 3614 In
375 3549 520 3636 ipso
569 3554 786 3610 autem
825 3544 1192 3629 refectoriO,
1235 3567 1447 3631 neque
1490 3545 1715 3628 la‘icus,
1756 3567 1969 3630 neque
2014 3545 2322 3628 clericus,
2362 3545 2487 3610 nisi

107 3649 206 3732 qui
251 3648 318 3713 in
374 3648 517 3736 ipsa
565 3646 1076 3732 congregatione
1133 3655 1312 3728 sunt,
1372 3644 1801 3729 manducent,
1867 3655 1977 3710 aut
2029 3646 2283 3727 bibant,
2349 3645 2487 3708 sine

103 3747 378 3813 iussione
425 3745 754 3835 episcopi,
794 3753 904 3810 aut
949 3745 1058 3830 qui
1103 3746 1220 3809 sub
1269 3767 1345 3809 eo
1391 3754 1559 3808 sunt.
1640 3745 1727 3810 Et
1768 3745 1837 3810 in
1884 3745 2160 3810 claustro
2206 3745 2319 3810 ubi
2362 3743 2489 3808 cle-

103 3869 205 3911 rus
247 3847 327 3911 ad
372 3845 723 3933 capitulum
759 3844 956 3928 venit,
998 3845 1108 3909 vel
1148 3846 1216 3908 in
1251 3844 1617 3928 refectorio,
1662 3845 1880 3910 nullus
1926 3844 2007 3908 de
2054 3844 2305 3908 clericis
2353 3865 2486 3908 ser-

99 3945 399 4010 vitoribus
420 3995 441 4027 ,
505 3944 615 4029 qui
657 3965 772 4008 suo
819 3944 1056 4009 seniori
1095 3944 1185 4008 ibi
1230 3944 1500 4008 subiecti
1546 3954 1695 4008 sunt
1715 3994 1735 4027 ,
1775 3944 2221 4030 ingrediatur3
2266 3943 2391 4008 nisi
2435 3943 2489 4007 si

107 4065 363 4109 necesse
407 4043 625 4126 fuerit,
669 4053 780 4108 aut
825 4043 1186 4132 episcopus,
1227 4043 1337 4108 vel
1379 4044 1489 4129 qui
1530 4046 1649 4109 sub
1696 4065 1773 4108 eo
1820 4053 1985 4126 sunt,
2026 4044 2307 4108 iusserit.

656 4214 686 4234 ⁸
724 4215 883 4303 Cap.
927 4215 1148 4282 XXII.
1235 4214 1340 4280 De
1377 4240 1683 4281 mensura
1722 4216 1872 4280 eibi.

257 4350 535 4433 Quando
581 4350 794 4414 clerus
834 4357 1057 4414 noster
1096 4349 1194 4416 bis
1237 4349 1308 4415 in
1353 4351 1459 4415 die
1500 4350 1712 4415 reficit
1746 4370 1866 4436 per
1908 4357 2203 4435 tempora
2252 4347 2484 4412 consti-

101 4455 246 4530 tuta,
287 4450 450 4528 sicut
488 4449 790 4539 superius
834 4449 1140 4536 scriptum
1175 4458 1290 4533 est,
1337 4472 1575 4538 panem
1620 4448 1795 4534 quod
1841 4446 2140 4530 sufficiet,
2182 4447 2489 4534 accipiat3

155 4550 328 4594 Walter
359 4549 532 4595 Fontes
568 4553 689 4594 iuris
721 4553 1052 4595 ecclesiastici.
2060 4552 2095 4604 3
