<?xml version="1.0" encoding="UTF-8"?>
<!DOCTYPE html PUBLIC "-//W3C//DTD XHTML 1.0 Transitional//EN"
    "http://www.w3.org/TR/xhtml1/DTD/xhtml1-transitional.dtd">
<html xmlns="http://www.w3.org/1999/xhtml" xml:lang="en" lang="en">
 <head>
  <title>
</title>
<meta http-equiv="Content-Type" content="text/html;charset=utf-8" />
  <meta name='ocr-system' content='tesseract 3.04.00' />
  <meta name='ocr-capabilities' content='ocr_page ocr_carea ocr_par ocr_line ocrx_word'/>
</head>
<body>
  <div class='ocr_page' id='page_1' title='image "./fontesiuriseccl00waltgoog_0074.png"; bbox 0 0 2959 4984; ppageno 0'>
   <div class='ocr_carea' id='block_1_1' title="bbox 364 288 2221 347">
    <p class='ocr_par' dir='ltr' id='par_1_1' title="bbox 364 288 2221 347">
     <span class='ocr_line' id='line_1_1' title="bbox 364 288 2221 347; baseline 0.003 -12"><span class='ocrx_word' id='word_1_1' title='bbox 364 290 434 347; x_wconf 72' lang='grc'><strong>54</strong></span> <span class='ocrx_word' id='word_1_2' title='bbox 903 290 1022 341; x_wconf 83' lang='lat' dir='ltr'><strong>VII.</strong></span> <span class='ocrx_word' id='word_1_3' title='bbox 1103 288 1561 342; x_wconf 75' lang='lat' dir='ltr'>CAPITULARE</span> <span class='ocrx_word' id='word_1_4' title='bbox 1598 288 2221 343; x_wconf 75' lang='lat' dir='ltr'><strong>EOOLESIASTIGUM</strong></span> 
     </span>
    </p>
   </div>
   <div class='ocr_carea' id='block_1_2' title="bbox 563 453 2764 611">
    <p class='ocr_par' dir='ltr' id='par_1_2' title="bbox 563 453 2764 611">
     <span class='ocr_line' id='line_1_2' title="bbox 563 453 2764 524; baseline -0.001 -13"><span class='ocrx_word' id='word_1_5' title='bbox 563 462 623 511; x_wconf 86' lang='lat' dir='ltr'><strong>et</strong></span> <span class='ocrx_word' id='word_1_6' title='bbox 658 474 693 511; x_wconf 90' lang='lat' dir='ltr'><strong>a</strong></span> <span class='ocrx_word' id='word_1_7' title='bbox 727 453 1058 511; x_wconf 86' lang='lat' dir='ltr'><strong>necessariis</strong></span> <span class='ocrx_word' id='word_1_8' title='bbox 1095 456 1154 509; x_wconf 90' lang='lat' dir='ltr'><strong>et</strong></span> <span class='ocrx_word' id='word_1_9' title='bbox 1190 454 1600 509; x_wconf 73' lang='lat' dir='ltr'><strong>excusabilibus</strong></span> <span class='ocrx_word' id='word_1_10' title='bbox 1640 454 2099 524; x_wconf 73' lang='lat' dir='ltr'><strong>occupationibus</strong></span> <span class='ocrx_word' id='word_1_11' title='bbox 2134 456 2302 511; x_wconf 84' lang='lat' dir='ltr'><strong>liberi</strong></span> <span class='ocrx_word' id='word_1_12' title='bbox 2318 495 2333 524; x_wconf 92' lang='lat'>,</span> <span class='ocrx_word' id='word_1_13' title='bbox 2396 454 2764 511; x_wconf 63' lang='lat' dir='ltr'><strong>&amp;aternitatis</strong></span> 
     </span>
     <span class='ocr_line' id='line_1_3' title="bbox 563 541 1205 611; baseline -0.005 -11"><span class='ocrx_word' id='word_1_14' title='bbox 563 544 772 601; x_wconf 88' lang='lat' dir='ltr'><strong>intuitu</strong></span> <span class='ocrx_word' id='word_1_15' title='bbox 815 541 1205 611; x_wconf 86' lang='lat' dir='ltr'><strong>corripiantur.</strong></span> 
     </span>
    </p>
   </div>
   <div class='ocr_carea' id='block_1_3' title="bbox 1314 694 1804 751">
    <p class='ocr_par' dir='ltr' id='par_1_3' title="bbox 1314 694 1804 751">
     <span class='ocr_line' id='line_1_4' title="bbox 1314 694 1804 751; baseline -0.01 -1"><span class='ocrx_word' id='word_1_16' title='bbox 1314 694 1804 751; x_wconf 87' lang='lat' dir='ltr'><strong>EPISCOPIS.</strong></span> 
     </span>
    </p>
   </div>
   <div class='ocr_carea' id='block_1_4' title="bbox 363 816 2769 1089">
    <p class='ocr_par' dir='ltr' id='par_1_4' title="bbox 363 816 2769 1089">
     <span class='ocr_line' id='line_1_5' title="bbox 538 816 2766 910; baseline -0.001 -23"><span class='ocrx_word' id='word_1_17' title='bbox 538 820 727 887; x_wconf 89' lang='lat' dir='ltr'><strong>XIV.</strong></span> <span class='ocrx_word' id='word_1_18' title='bbox 811 819 892 885; x_wconf 87' lang='lat' dir='ltr'><strong>In</strong></span> <span class='ocrx_word' id='word_1_19' title='bbox 936 818 1204 883; x_wconf 87' lang='lat' dir='ltr'><strong>concilio</strong></span> <span class='ocrx_word' id='word_1_20' title='bbox 1232 816 1657 899; x_wconf 85' lang='lat' dir='ltr'><strong>Laodicense,</strong></span> <span class='ocrx_word' id='word_1_21' title='bbox 1698 838 1953 881; x_wconf 84' lang='lat' dir='ltr'>necnon</span> <span class='ocrx_word' id='word_1_22' title='bbox 1992 828 2057 882; x_wconf 87' lang='lat' dir='ltr'><strong>et</strong></span> <span class='ocrx_word' id='word_1_23' title='bbox 2089 820 2159 883; x_wconf 89' lang='lat' dir='ltr'><strong>in</strong></span> <span class='ocrx_word' id='word_1_24' title='bbox 2188 819 2540 904; x_wconf 70' lang='lat' dir='ltr'><strong>Affiican0‚</strong></span> <span class='ocrx_word' id='word_1_25' title='bbox 2581 843 2766 910; x_wconf 90' lang='lat' dir='ltr'><strong>prae-</strong></span> 
     </span>
     <span class='ocr_line' id='line_1_6' title="bbox 378 917 2769 1011; baseline -0.001 -24"><span class='ocrx_word' id='word_1_26' title='bbox 378 924 629 1011; x_wconf 88' lang='lat' dir='ltr'><strong>cipitur,</strong></span> <span class='ocrx_word' id='word_1_27' title='bbox 684 928 760 983; x_wconf 86' lang='lat' dir='ltr'><strong>ut</strong></span> <span class='ocrx_word' id='word_1_28' title='bbox 804 918 1101 983; x_wconf 88' lang='lat' dir='ltr'><strong>monachi</strong></span> <span class='ocrx_word' id='word_1_29' title='bbox 1147 927 1213 982; x_wconf 89' lang='lat' dir='ltr'><strong>et</strong></span> <span class='ocrx_word' id='word_1_30' title='bbox 1253 917 1487 982; x_wconf 86' lang='lat' dir='ltr'><strong>clerici.</strong></span> <span class='ocrx_word' id='word_1_31' title='bbox 1519 920 1816 981; x_wconf 84' lang='lat' dir='ltr'><strong>tabernas</strong></span> <span class='ocrx_word' id='word_1_32' title='bbox 1860 940 1993 982; x_wconf 91' lang='lat' dir='ltr'><strong>non</strong></span> <span class='ocrx_word' id='word_1_33' title='bbox 2035 918 2485 1005; x_wconf 83' lang='lat' dir='ltr'><strong>ingrediantur</strong></span> <span class='ocrx_word' id='word_1_34' title='bbox 2528 920 2769 987; x_wconf 89' lang='lat' dir='ltr'><strong>edendi</strong></span> 
     </span>
     <span class='ocr_line' id='line_1_7' title="bbox 363 1020 1024 1089; baseline -0.005 -3"><span class='ocrx_word' id='word_1_35' title='bbox 363 1024 474 1088; x_wconf 87' lang='lat' dir='ltr'><strong>vel</strong></span> <span class='ocrx_word' id='word_1_36' title='bbox 513 1020 778 1089; x_wconf 89' lang='lat' dir='ltr'><strong>bibendi</strong></span> <span class='ocrx_word' id='word_1_37' title='bbox 819 1042 1024 1083; x_wconf 86' lang='lat' dir='ltr'><strong>causa.</strong></span> 
     </span>
    </p>
   </div>
   <div class='ocr_carea' id='block_1_5' title="bbox 570 1133 2773 1542">
    <p class='ocr_par' dir='ltr' id='par_1_5' title="bbox 570 1133 2773 1542">
     <span class='ocr_line' id='line_1_8' title="bbox 645 1133 2772 1205; baseline -0 -11"><span class='ocrx_word' id='word_1_38' title='bbox 645 1140 809 1194; x_wconf 90' lang='lat' dir='ltr'><strong>Conc.</strong></span> <span class='ocrx_word' id='word_1_39' title='bbox 844 1134 1070 1189; x_wconf 90' lang='lat' dir='ltr'><strong>Laodic.</strong></span> <span class='ocrx_word' id='word_1_40' title='bbox 1113 1152 1232 1189; x_wconf 90' lang='lat' dir='ltr'><strong>can.</strong></span> <span class='ocrx_word' id='word_1_41' title='bbox 1271 1136 1356 1187; x_wconf 74' lang='lat'><strong>24.</strong></span> <span class='ocrx_word' id='word_1_42' title='bbox 1419 1133 1693 1201; x_wconf 80' lang='lat' dir='ltr'><strong>Quoniam</strong></span> <span class='ocrx_word' id='word_1_43' title='bbox 1726 1153 1835 1189; x_wconf 92' lang='lat' dir='ltr'><strong>non</strong></span> <span class='ocrx_word' id='word_1_44' title='bbox 1874 1139 2097 1204; x_wconf 90' lang='lat' dir='ltr'><strong>oportet</strong></span> <span class='ocrx_word' id='word_1_45' title='bbox 2132 1137 2329 1191; x_wconf 89' lang='lat' dir='ltr'><strong>altario</strong></span> <span class='ocrx_word' id='word_1_46' title='bbox 2368 1138 2705 1205; x_wconf 83' lang='lat' dir='ltr'><strong>servientes,</strong></span> <span class='ocrx_word' id='word_1_47' title='bbox 2740 1157 2772 1193; x_wconf 88' lang='lat' dir='ltr'><strong>a</strong></span> 
     </span>
     <span class='ocr_line' id='line_1_9' title="bbox 571 1221 2773 1293; baseline -0 -12"><span class='ocrx_word' id='word_1_48' title='bbox 571 1224 921 1293; x_wconf 86' lang='lat' dir='ltr'><strong>Presbyteris</strong></span> <span class='ocrx_word' id='word_1_49' title='bbox 980 1239 1155 1291; x_wconf 84' lang='lat' dir='ltr'><strong>usque</strong></span> <span class='ocrx_word' id='word_1_50' title='bbox 1204 1222 1275 1275; x_wconf 87' lang='lat' dir='ltr'><strong>ad</strong></span> <span class='ocrx_word' id='word_1_51' title='bbox 1325 1221 1603 1275; x_wconf 76' lang='lat' dir='ltr'><strong>Diaconos</strong></span> <span class='ocrx_word' id='word_1_52' title='bbox 1630 1263 1644 1289; x_wconf 93' lang='lat'>,</span> <span class='ocrx_word' id='word_1_53' title='bbox 1708 1225 1765 1275; x_wconf 87' lang='lat' dir='ltr'><strong>et</strong></span> <span class='ocrx_word' id='word_1_54' title='bbox 1814 1222 2079 1291; x_wconf 77' lang='lat' dir='ltr'><strong>deinceps</strong></span> <span class='ocrx_word' id='word_1_55' title='bbox 2140 1224 2351 1277; x_wconf 82' lang='lat' dir='ltr'><strong>ordinis</strong></span> <span class='ocrx_word' id='word_1_56' title='bbox 2404 1226 2773 1282; x_wconf 86' lang='lat' dir='ltr'><strong>ecclesiastici</strong></span> 
     </span>
     <span class='ocr_line' id='line_1_10' title="bbox 570 1308 2773 1379; baseline 0.001 -12"><span class='ocrx_word' id='word_1_57' title='bbox 570 1330 761 1367; x_wconf 86' lang='lat' dir='ltr'><strong>omnes</strong></span> <span class='ocrx_word' id='word_1_58' title='bbox 796 1328 972 1379; x_wconf 88' lang='lat' dir='ltr'><strong>usque</strong></span> <span class='ocrx_word' id='word_1_59' title='bbox 1007 1310 1078 1363; x_wconf 86' lang='lat' dir='ltr'><strong>ad</strong></span> <span class='ocrx_word' id='word_1_60' title='bbox 1113 1308 1431 1373; x_wconf 72' lang='lat' dir='ltr'><strong>MinistrOS,</strong></span> <span class='ocrx_word' id='word_1_61' title='bbox 1484 1314 1581 1363; x_wconf 89' lang='lat' dir='ltr'><strong>aut</strong></span> <span class='ocrx_word' id='word_1_62' title='bbox 1614 1309 1919 1379; x_wconf 77' lang='lat' dir='ltr'><strong>Lectores,</strong></span> <span class='ocrx_word' id='word_1_63' title='bbox 1970 1315 2066 1364; x_wconf 86' lang='lat' dir='ltr'><strong>aut</strong></span> <span class='ocrx_word' id='word_1_64' title='bbox 2102 1311 2347 1377; x_wconf 85' lang='lat' dir='ltr'><strong>Psaltas‚</strong></span> <span class='ocrx_word' id='word_1_65' title='bbox 2408 1316 2505 1368; x_wconf 90' lang='lat' dir='ltr'><strong>aut</strong></span> <span class='ocrx_word' id='word_1_66' title='bbox 2540 1314 2773 1369; x_wconf 80' lang='lat' dir='ltr'><strong>Exerci-</strong></span> 
     </span>
     <span class='ocr_line' id='line_1_11' title="bbox 574 1398 2771 1468; baseline 0.001 -14"><span class='ocrx_word' id='word_1_67' title='bbox 574 1405 706 1467; x_wconf 87' lang='lat' dir='ltr'><strong>stas,</strong></span> <span class='ocrx_word' id='word_1_68' title='bbox 745 1404 838 1453; x_wconf 88' lang='lat' dir='ltr'><strong>aut</strong></span> <span class='ocrx_word' id='word_1_69' title='bbox 862 1398 1130 1452; x_wconf 89' lang='lat' dir='ltr'><strong>Ostiarios</strong></span> <span class='ocrx_word' id='word_1_70' title='bbox 1151 1442 1165 1466; x_wconf 88' lang='lat'>‚</span> <span class='ocrx_word' id='word_1_71' title='bbox 1205 1403 1302 1454; x_wconf 86' lang='lat' dir='ltr'><strong>aut</strong></span> <span class='ocrx_word' id='word_1_72' title='bbox 1335 1399 1504 1452; x_wconf 86' lang='lat' dir='ltr'><strong>etiam</strong></span> <span class='ocrx_word' id='word_1_73' title='bbox 1542 1415 1636 1453; x_wconf 90' lang='lat' dir='ltr'><strong>eos</strong></span> <span class='ocrx_word' id='word_1_74' title='bbox 1673 1399 1767 1467; x_wconf 90' lang='lat' dir='ltr'><strong>qui</strong></span> <span class='ocrx_word' id='word_1_75' title='bbox 1802 1399 1861 1452; x_wconf 91' lang='lat' dir='ltr'><strong>in</strong></span> <span class='ocrx_word' id='word_1_76' title='bbox 1895 1399 2185 1468; x_wconf 88' lang='lat' dir='ltr'><strong>proposito</strong></span> <span class='ocrx_word' id='word_1_77' title='bbox 2216 1404 2345 1453; x_wconf 91' lang='lat' dir='ltr'><strong>sunt</strong></span> <span class='ocrx_word' id='word_1_78' title='bbox 2376 1401 2771 1468; x_wconf 75' lang='lat' dir='ltr'><strong>continentiae,</strong></span> 
     </span>
     <span class='ocr_line' id='line_1_12' title="bbox 572 1485 1120 1542; baseline -0.007 0"><span class='ocrx_word' id='word_1_79' title='bbox 572 1488 836 1542; x_wconf 77' lang='lat' dir='ltr'><strong>tabernas</strong></span> <span class='ocrx_word' id='word_1_80' title='bbox 872 1485 1120 1540; x_wconf 90' lang='lat' dir='ltr'><strong>introire.</strong></span> 
     </span>
    </p>
   </div>
   <div class='ocr_carea' id='block_1_6' title="bbox 651 1565 2914 1653">
    <p class='ocr_par' dir='ltr' id='par_1_6' title="bbox 651 1565 2914 1653">
     <span class='ocr_line' id='line_1_13' title="bbox 651 1565 2914 1653; baseline 0.002 -18"><span class='ocrx_word' id='word_1_81' title='bbox 651 1582 816 1636; x_wconf 83' lang='lat' dir='ltr'><strong>Cone.</strong></span> <span class='ocrx_word' id='word_1_82' title='bbox 853 1580 1030 1635; x_wconf 84' lang='lat' dir='ltr'><strong>Afric.</strong></span> <span class='ocrx_word' id='word_1_83' title='bbox 1069 1598 1186 1635; x_wconf 90' lang='lat' dir='ltr'><strong>can.</strong></span> <span class='ocrx_word' id='word_1_84' title='bbox 1229 1583 1279 1635; x_wconf 86' lang='lat'><strong>7.</strong></span> <span class='ocrx_word' id='word_1_85' title='bbox 1333 1580 1408 1637; x_wconf 90' lang='lat' dir='ltr'><strong>Ut</strong></span> <span class='ocrx_word' id='word_1_86' title='bbox 1443 1580 1647 1635; x_wconf 87' lang='lat' dir='ltr'><strong>Clerici</strong></span> <span class='ocrx_word' id='word_1_87' title='bbox 1683 1582 1883 1634; x_wconf 83' lang='lat' dir='ltr'><strong>edendi</strong></span> <span class='ocrx_word' id='word_1_88' title='bbox 1918 1582 2008 1635; x_wconf 78' lang='lat' dir='ltr'><strong>vel</strong></span> <span class='ocrx_word' id='word_1_89' title='bbox 2046 1581 2277 1635; x_wconf 87' lang='lat' dir='ltr'><strong>bibendi</strong></span> <span class='ocrx_word' id='word_1_90' title='bbox 2312 1600 2478 1637; x_wconf 88' lang='lat' dir='ltr'><strong>causa</strong></span> <span class='ocrx_word' id='word_1_91' title='bbox 2512 1565 2808 1639; x_wconf 37' lang='lat' dir='ltr'><strong>tabernas-</strong></span> <span class='ocrx_word' id='word_1_92' title='bbox 2913 1642 2914 1653; x_wconf 11' lang='grc' dir='ltr'>γ</span> 
     </span>
    </p>
   </div>
   <div class='ocr_carea' id='block_1_7' title="bbox 571 1668 2440 1740">
    <p class='ocr_par' dir='ltr' id='par_1_7' title="bbox 571 1668 2440 1740">
     <span class='ocr_line' id='line_1_14' title="bbox 571 1668 2440 1740; baseline 0.001 -17"><span class='ocrx_word' id='word_1_93' title='bbox 571 1686 687 1723; x_wconf 88' lang='lat' dir='ltr'><strong>non</strong></span> <span class='ocrx_word' id='word_1_94' title='bbox 720 1668 1108 1739; x_wconf 83' lang='lat' dir='ltr'><strong>ingrediantur</strong></span> <span class='ocrx_word' id='word_1_95' title='bbox 1139 1668 1251 1723; x_wconf 88' lang='lat' dir='ltr'><strong>nisi</strong></span> <span class='ocrx_word' id='word_1_96' title='bbox 1281 1668 1751 1738; x_wconf 82' lang='lat' dir='ltr'><strong>peregrinationis</strong></span> <span class='ocrx_word' id='word_1_97' title='bbox 1787 1668 2117 1723; x_wconf 83' lang='lat' dir='ltr'><strong>necessitate</strong></span> <span class='ocrx_word' id='word_1_98' title='bbox 2151 1670 2440 1740; x_wconf 81' lang='lat' dir='ltr'><strong>compulsi.</strong></span> 
     </span>
    </p>
   </div>
   <div class='ocr_carea' id='block_1_8' title="bbox 1322 1836 1809 1894">
    <p class='ocr_par' dir='ltr' id='par_1_8' title="bbox 1322 1836 1809 1894">
     <span class='ocr_line' id='line_1_15' title="bbox 1322 1836 1809 1894; baseline 0.002 -2"><span class='ocrx_word' id='word_1_99' title='bbox 1322 1838 1436 1893; x_wconf 88' lang='lat' dir='ltr'><strong>AD</strong></span> <span class='ocrx_word' id='word_1_100' title='bbox 1498 1836 1809 1894; x_wconf 83' lang='lat' dir='ltr'><strong>OMNES.</strong></span> 
     </span>
    </p>
   </div>
   <div class='ocr_carea' id='block_1_9' title="bbox 378 1960 2764 2152">
    <p class='ocr_par' dir='ltr' id='par_1_9' title="bbox 378 1960 2764 2152">
     <span class='ocr_line' id='line_1_16' title="bbox 536 1960 2764 2049; baseline -0 -22"><span class='ocrx_word' id='word_1_101' title='bbox 536 1961 688 2028; x_wconf 89' lang='lat' dir='ltr'><strong>XV.</strong></span> <span class='ocrx_word' id='word_1_102' title='bbox 775 1960 942 2027; x_wconf 89' lang='lat' dir='ltr'><strong>Item</strong></span> <span class='ocrx_word' id='word_1_103' title='bbox 985 1963 1052 2026; x_wconf 92' lang='lat' dir='ltr'><strong>in</strong></span> <span class='ocrx_word' id='word_1_104' title='bbox 1100 1962 1333 2027; x_wconf 88' lang='lat' dir='ltr'><strong>eodem</strong></span> <span class='ocrx_word' id='word_1_105' title='bbox 1377 1962 1651 2027; x_wconf 87' lang='lat' dir='ltr'><strong>concilio</strong></span> <span class='ocrx_word' id='word_1_106' title='bbox 1693 1960 2106 2049; x_wconf 85' lang='lat' dir='ltr'><strong>praecipitur,</strong></span> <span class='ocrx_word' id='word_1_107' title='bbox 2153 1970 2225 2033; x_wconf 84' lang='lat' dir='ltr'><strong>ut</strong></span> <span class='ocrx_word' id='word_1_108' title='bbox 2266 1986 2303 2026; x_wconf 85' lang='lat' dir='ltr'><strong>a</strong></span> <span class='ocrx_word' id='word_1_109' title='bbox 2341 1983 2617 2049; x_wconf 86' lang='lat' dir='ltr'><strong>vespera</strong></span> <span class='ocrx_word' id='word_1_110' title='bbox 2661 1984 2764 2027; x_wconf 87' lang='lat' dir='ltr'><strong>us-</strong></span> 
     </span>
     <span class='ocr_line' id='line_1_17' title="bbox 378 2062 1910 2152; baseline -0.002 -23"><span class='ocrx_word' id='word_1_111' title='bbox 378 2087 503 2152; x_wconf 88' lang='lat' dir='ltr'><strong>que</strong></span> <span class='ocrx_word' id='word_1_112' title='bbox 548 2064 630 2130; x_wconf 90' lang='lat' dir='ltr'><strong>ad</strong></span> <span class='ocrx_word' id='word_1_113' title='bbox 668 2085 1009 2152; x_wconf 82' lang='lat' dir='ltr'><strong>vesperam</strong></span> <span class='ocrx_word' id='word_1_114' title='bbox 1053 2063 1192 2127; x_wconf 88' lang='lat' dir='ltr'><strong>dies</strong></span> <span class='ocrx_word' id='word_1_115' title='bbox 1234 2062 1554 2127; x_wconf 87' lang='lat' dir='ltr'><strong>dominica</strong></span> <span class='ocrx_word' id='word_1_116' title='bbox 1597 2070 1910 2127; x_wconf 80' lang='lat' dir='ltr'><strong>servetur.</strong></span> 
     </span>
    </p>
   </div>
   <div class='ocr_carea' id='block_1_10' title="bbox 567 2178 2770 2511">
    <p class='ocr_par' dir='ltr' id='par_1_10' title="bbox 567 2178 2770 2511">
     <span class='ocr_line' id='line_1_18' title="bbox 642 2178 2768 2249; baseline -0.002 -14"><span class='ocrx_word' id='word_1_117' title='bbox 642 2182 808 2235; x_wconf 90' lang='lat' dir='ltr'><strong>Conc.</strong></span> <span class='ocrx_word' id='word_1_118' title='bbox 851 2180 1076 2235; x_wconf 89' lang='lat' dir='ltr'><strong>Laodic.</strong></span> <span class='ocrx_word' id='word_1_119' title='bbox 1125 2196 1246 2235; x_wconf 87' lang='lat' dir='ltr'><strong>can.</strong></span> <span class='ocrx_word' id='word_1_120' title='bbox 1283 2182 1370 2234; x_wconf 81' lang='lat'><strong>29.</strong></span> <span class='ocrx_word' id='word_1_121' title='bbox 1429 2180 1558 2233; x_wconf 89' lang='lat' dir='ltr'><strong>Non</strong></span> <span class='ocrx_word' id='word_1_122' title='bbox 1618 2182 1843 2249; x_wconf 83' lang='lat' dir='ltr'><strong>oportet</strong></span> <span class='ocrx_word' id='word_1_123' title='bbox 1896 2179 2237 2234; x_wconf 80' lang='lat' dir='ltr'><strong>Christianos</strong></span> <span class='ocrx_word' id='word_1_124' title='bbox 2288 2178 2567 2233; x_wconf 74' lang='lat' dir='ltr'><strong>iudaizare</strong></span> <span class='ocrx_word' id='word_1_125' title='bbox 2612 2183 2672 2233; x_wconf 91' lang='lat' dir='ltr'><strong>et</strong></span> <span class='ocrx_word' id='word_1_126' title='bbox 2710 2180 2768 2231; x_wconf 90' lang='lat' dir='ltr'><strong>in</strong></span> 
     </span>
     <span class='ocr_line' id='line_1_19' title="bbox 583 2265 2767 2337; baseline -0.002 -14"><span class='ocrx_word' id='word_1_127' title='bbox 583 2269 814 2323; x_wconf 86' lang='lat' dir='ltr'><strong>sabbato</strong></span> <span class='ocrx_word' id='word_1_128' title='bbox 853 2285 1066 2335; x_wconf 85' lang='lat' dir='ltr'><strong>vacare,</strong></span> <span class='ocrx_word' id='word_1_129' title='bbox 1107 2268 1204 2321; x_wconf 89' lang='lat' dir='ltr'><strong>sed</strong></span> <span class='ocrx_word' id='word_1_130' title='bbox 1241 2267 1462 2337; x_wconf 89' lang='lat' dir='ltr'><strong>operari</strong></span> <span class='ocrx_word' id='word_1_131' title='bbox 1501 2284 1595 2322; x_wconf 90' lang='lat' dir='ltr'><strong>eos</strong></span> <span class='ocrx_word' id='word_1_132' title='bbox 1630 2268 1691 2320; x_wconf 89' lang='lat' dir='ltr'><strong>in</strong></span> <span class='ocrx_word' id='word_1_133' title='bbox 1726 2266 1915 2319; x_wconf 88' lang='lat' dir='ltr'><strong>eadem</strong></span> <span class='ocrx_word' id='word_1_134' title='bbox 1953 2266 2059 2320; x_wconf 87' lang='lat' dir='ltr'><strong>die.</strong></span> <span class='ocrx_word' id='word_1_135' title='bbox 2096 2265 2389 2321; x_wconf 86' lang='lat' dir='ltr'><strong>Dominica</strong></span> <span class='ocrx_word' id='word_1_136' title='bbox 2416 2283 2567 2333; x_wconf 86' lang='lat' dir='ltr'><strong>vero,</strong></span> <span class='ocrx_word' id='word_1_137' title='bbox 2609 2282 2767 2336; x_wconf 88' lang='lat' dir='ltr'><strong>prae-</strong></span> 
     </span>
     <span class='ocr_line' id='line_1_20' title="bbox 567 2352 2770 2425; baseline -0.002 -17"><span class='ocrx_word' id='word_1_138' title='bbox 567 2355 824 2425; x_wconf 89' lang='lat' dir='ltr'><strong>ponendo</strong></span> <span class='ocrx_word' id='word_1_139' title='bbox 863 2353 1090 2408; x_wconf 87' lang='lat' dir='ltr'><strong>eandem</strong></span> <span class='ocrx_word' id='word_1_140' title='bbox 1129 2354 1276 2408; x_wconf 88' lang='lat' dir='ltr'><strong>diem</strong></span> <span class='ocrx_word' id='word_1_141' title='bbox 1297 2394 1310 2421; x_wconf 94' lang='lat'>,</span> <span class='ocrx_word' id='word_1_142' title='bbox 1349 2353 1396 2406; x_wconf 87' lang='lat' dir='ltr'><strong>si</strong></span> <span class='ocrx_word' id='word_1_143' title='bbox 1434 2353 1541 2407; x_wconf 91' lang='lat' dir='ltr'><strong>hoc</strong></span> <span class='ocrx_word' id='word_1_144' title='bbox 1576 2353 1655 2406; x_wconf 89' lang='lat' dir='ltr'><strong>eis</strong></span> <span class='ocrx_word' id='word_1_145' title='bbox 1694 2354 1896 2422; x_wconf 88' lang='lat' dir='ltr'><strong>placet,</strong></span> <span class='ocrx_word' id='word_1_146' title='bbox 1938 2355 2133 2407; x_wconf 85' lang='lat' dir='ltr'><strong>vacent</strong></span> <span class='ocrx_word' id='word_1_147' title='bbox 2172 2357 2435 2421; x_wconf 85' lang='lat' dir='ltr'><strong>tanquam</strong></span> <span class='ocrx_word' id='word_1_148' title='bbox 2456 2352 2770 2408; x_wconf 83' lang='lat' dir='ltr'><strong>Christiani.</strong></span> 
     </span>
     <span class='ocr_line' id='line_1_21' title="bbox 572 2439 2121 2511; baseline -0.003 -14"><span class='ocrx_word' id='word_1_149' title='bbox 572 2443 732 2511; x_wconf 87' lang='lat' dir='ltr'><strong>Quod</strong></span> <span class='ocrx_word' id='word_1_150' title='bbox 771 2443 818 2496; x_wconf 86' lang='lat' dir='ltr'><strong>si</strong></span> <span class='ocrx_word' id='word_1_151' title='bbox 853 2442 1074 2495; x_wconf 81' lang='lat' dir='ltr'><strong>inventi</strong></span> <span class='ocrx_word' id='word_1_152' title='bbox 1107 2441 1316 2496; x_wconf 81' lang='lat' dir='ltr'><strong>fuerint</strong></span> <span class='ocrx_word' id='word_1_153' title='bbox 1349 2441 1630 2495; x_wconf 78' lang='lat' dir='ltr'><strong>iudaizare</strong></span> <span class='ocrx_word' id='word_1_154' title='bbox 1666 2440 1959 2493; x_wconf 86' lang='lat' dir='ltr'><strong>anathema</strong></span> <span class='ocrx_word' id='word_1_155' title='bbox 1994 2439 2121 2493; x_wconf 86' lang='lat' dir='ltr'><strong>sint.</strong></span> 
     </span>
    </p>
   </div>
   <div class='ocr_carea' id='block_1_11' title="bbox 1369 2599 1787 2657">
    <p class='ocr_par' dir='ltr' id='par_1_11' title="bbox 1369 2599 1787 2657">
     <span class='ocr_line' id='line_1_22' title="bbox 1369 2599 1787 2657; baseline 0.01 -4"><span class='ocrx_word' id='word_1_156' title='bbox 1369 2599 1787 2657; x_wconf 86' lang='lat' dir='ltr'><strong>OMNIBUS.</strong></span> 
     </span>
    </p>
   </div>
   <div class='ocr_carea' id='block_1_12' title="bbox 377 2719 2773 2909">
    <p class='ocr_par' dir='ltr' id='par_1_12' title="bbox 377 2719 2773 2909">
     <span class='ocr_line' id='line_1_23' title="bbox 541 2719 2773 2807; baseline -0.002 -18"><span class='ocrx_word' id='word_1_157' title='bbox 541 2723 730 2789; x_wconf 89' lang='lat' dir='ltr'><strong>XVI.</strong></span> <span class='ocrx_word' id='word_1_158' title='bbox 815 2722 986 2785; x_wconf 90' lang='lat' dir='ltr'><strong>Item</strong></span> <span class='ocrx_word' id='word_1_159' title='bbox 1025 2721 1094 2784; x_wconf 88' lang='lat' dir='ltr'><strong>in</strong></span> <span class='ocrx_word' id='word_1_160' title='bbox 1137 2720 1370 2785; x_wconf 90' lang='lat' dir='ltr'><strong>eodem</strong></span> <span class='ocrx_word' id='word_1_161' title='bbox 1406 2719 1698 2801; x_wconf 79' lang='lat' dir='ltr'><strong>concilio,</strong></span> <span class='ocrx_word' id='word_1_162' title='bbox 1742 2729 1815 2783; x_wconf 92' lang='lat' dir='ltr'><strong>ut</strong></span> <span class='ocrx_word' id='word_1_163' title='bbox 1849 2719 2073 2805; x_wconf 86' lang='lat' dir='ltr'><strong>ignota</strong></span> <span class='ocrx_word' id='word_1_164' title='bbox 2102 2721 2485 2807; x_wconf 85' lang='lat' dir='ltr'><strong>angelorum</strong></span> <span class='ocrx_word' id='word_1_165' title='bbox 2516 2724 2773 2787; x_wconf 88' lang='lat' dir='ltr'><strong>nomina</strong></span> 
     </span>
     <span class='ocr_line' id='line_1_24' title="bbox 377 2818 2767 2909; baseline -0.001 -20"><span class='ocrx_word' id='word_1_166' title='bbox 377 2846 499 2889; x_wconf 89' lang='lat' dir='ltr'><strong>nec</strong></span> <span class='ocrx_word' id='word_1_167' title='bbox 554 2824 927 2909; x_wconf 79' lang='lat' dir='ltr'><strong>fingantur,</strong></span> <span class='ocrx_word' id='word_1_168' title='bbox 991 2841 1113 2884; x_wconf 88' lang='lat' dir='ltr'><strong>nec</strong></span> <span class='ocrx_word' id='word_1_169' title='bbox 1179 2818 1632 2900; x_wconf 85' lang='lat' dir='ltr'><strong>nominentur,</strong></span> <span class='ocrx_word' id='word_1_170' title='bbox 1702 2818 1827 2883; x_wconf 87' lang='lat' dir='ltr'><strong>nisi</strong></span> <span class='ocrx_word' id='word_1_171' title='bbox 1886 2819 2033 2884; x_wconf 86' lang='lat' dir='ltr'><strong>illos</strong></span> <span class='ocrx_word' id='word_1_172' title='bbox 2105 2841 2265 2905; x_wconf 87' lang='lat' dir='ltr'><strong>quos</strong></span> <span class='ocrx_word' id='word_1_173' title='bbox 2325 2825 2637 2889; x_wconf 86' lang='lat' dir='ltr'><strong>habemus</strong></span> <span class='ocrx_word' id='word_1_174' title='bbox 2704 2825 2767 2890; x_wconf 91' lang='lat' dir='ltr'><strong>in</strong></span> 
     </span>
    </p>
   </div>
   <div class='ocr_carea' id='block_1_13' title="bbox 381 2918 2280 3009">
    <p class='ocr_par' dir='ltr' id='par_1_13' title="bbox 381 2918 2280 3009">
     <span class='ocr_line' id='line_1_25' title="bbox 381 2918 2280 3009; baseline -0.002 -19"><span class='ocrx_word' id='word_1_175' title='bbox 381 2924 794 2990; x_wconf 87' lang='lat' dir='ltr'><strong>auctoritate:</strong></span> <span class='ocrx_word' id='word_1_176' title='bbox 843 2922 911 2985; x_wconf 91' lang='lat' dir='ltr'><strong>id</strong></span> <span class='ocrx_word' id='word_1_177' title='bbox 953 2930 1104 2986; x_wconf 87' lang='lat' dir='ltr'><strong>sunt</strong></span> <span class='ocrx_word' id='word_1_178' title='bbox 1143 2920 1490 3001; x_wconf 87' lang='lat' dir='ltr'><strong>Michahel,</strong></span> <span class='ocrx_word' id='word_1_179' title='bbox 1538 2918 1872 3002; x_wconf 86' lang='lat' dir='ltr'><strong>Gabrihel,</strong></span> <span class='ocrx_word' id='word_1_180' title='bbox 1924 2920 2280 3009; x_wconf 81' lang='lat' dir='ltr'><strong>Raphahel.</strong></span> 
     </span>
    </p>
   </div>
   <div class='ocr_carea' id='block_1_14' title="bbox 572 3063 2769 3482">
    <p class='ocr_par' dir='ltr' id='par_1_14' title="bbox 572 3063 2769 3482">
     <span class='ocr_line' id='line_1_26' title="bbox 648 3063 2767 3134; baseline -0.002 -13"><span class='ocrx_word' id='word_1_181' title='bbox 648 3068 815 3122; x_wconf 91' lang='lat' dir='ltr'><strong>Conc.</strong></span> <span class='ocrx_word' id='word_1_182' title='bbox 851 3065 1078 3120; x_wconf 87' lang='lat' dir='ltr'><strong>Laodic.</strong></span> <span class='ocrx_word' id='word_1_183' title='bbox 1139 3082 1258 3119; x_wconf 90' lang='lat' dir='ltr'><strong>can.</strong></span> <span class='ocrx_word' id='word_1_184' title='bbox 1281 3064 1389 3119; x_wconf 55' lang='lat'><strong>³35.</strong></span> <span class='ocrx_word' id='word_1_185' title='bbox 1453 3063 1614 3129; x_wconf 89' lang='lat' dir='ltr'><strong>Quod</strong></span> <span class='ocrx_word' id='word_1_186' title='bbox 1668 3080 1783 3117; x_wconf 91' lang='lat' dir='ltr'><strong>non</strong></span> <span class='ocrx_word' id='word_1_187' title='bbox 1840 3068 2065 3134; x_wconf 87' lang='lat' dir='ltr'><strong>oportet</strong></span> <span class='ocrx_word' id='word_1_188' title='bbox 2113 3065 2455 3121; x_wconf 88' lang='lat' dir='ltr'><strong>Christianos</strong></span> <span class='ocrx_word' id='word_1_189' title='bbox 2504 3066 2767 3119; x_wconf 84' lang='lat' dir='ltr'><strong>derelicta</strong></span> 
     </span>
     <span class='ocr_line' id='line_1_27' title="bbox 572 3152 2762 3223; baseline -0.001 -15"><span class='ocrx_word' id='word_1_190' title='bbox 572 3155 828 3209; x_wconf 86' lang='lat' dir='ltr'><strong>Ecclesia</strong></span> <span class='ocrx_word' id='word_1_191' title='bbox 861 3154 1000 3221; x_wconf 83' lang='lat' dir='ltr'><strong>Dei,</strong></span> <span class='ocrx_word' id='word_1_192' title='bbox 1039 3152 1224 3221; x_wconf 88' lang='lat' dir='ltr'><strong>abire,</strong></span> <span class='ocrx_word' id='word_1_193' title='bbox 1265 3155 1322 3205; x_wconf 92' lang='lat' dir='ltr'><strong>et</strong></span> <span class='ocrx_word' id='word_1_194' title='bbox 1359 3152 1587 3221; x_wconf 88' lang='lat' dir='ltr'><strong>angelos</strong></span> <span class='ocrx_word' id='word_1_195' title='bbox 1620 3152 1923 3219; x_wconf 88' lang='lat' dir='ltr'><strong>nominare,</strong></span> <span class='ocrx_word' id='word_1_196' title='bbox 1962 3156 2020 3207; x_wconf 89' lang='lat' dir='ltr'><strong>et</strong></span> <span class='ocrx_word' id='word_1_197' title='bbox 2056 3155 2519 3223; x_wconf 83' lang='lat' dir='ltr'><strong>congregationes</strong></span> <span class='ocrx_word' id='word_1_198' title='bbox 2552 3154 2762 3208; x_wconf 84' lang='lat' dir='ltr'><strong>facere:</strong></span> 
     </span>
     <span class='ocr_line' id='line_1_28' title="bbox 578 3239 2767 3309; baseline -0.001 -14"><span class='ocrx_word' id='word_1_199' title='bbox 578 3259 719 3309; x_wconf 86' lang='lat' dir='ltr'><strong>quae</strong></span> <span class='ocrx_word' id='word_1_200' title='bbox 757 3243 940 3296; x_wconf 86' lang='lat' dir='ltr'><strong>omnia</strong></span> <span class='ocrx_word' id='word_1_201' title='bbox 987 3242 1290 3297; x_wconf 85' lang='lat' dir='ltr'><strong>interdicta</strong></span> <span class='ocrx_word' id='word_1_202' title='bbox 1346 3245 1495 3295; x_wconf 86' lang='lat' dir='ltr'><strong>sunt.</strong></span> <span class='ocrx_word' id='word_1_203' title='bbox 1570 3239 1894 3309; x_wconf 81' lang='lat' dir='ltr'><strong>Quicunque</strong></span> <span class='ocrx_word' id='word_1_204' title='bbox 1950 3245 2137 3295; x_wconf 82' lang='lat' dir='ltr'><strong>autem</strong></span> <span class='ocrx_word' id='word_1_205' title='bbox 2188 3242 2448 3297; x_wconf 85' lang='lat' dir='ltr'><strong>inventus</strong></span> <span class='ocrx_word' id='word_1_206' title='bbox 2484 3242 2652 3295; x_wconf 83' lang='lat' dir='ltr'><strong>fuerit</strong></span> <span class='ocrx_word' id='word_1_207' title='bbox 2682 3258 2767 3293; x_wconf 91' lang='lat' dir='ltr'><strong>oc·</strong></span> 
     </span>
     <span class='ocr_line' id='line_1_29' title="bbox 577 3328 2769 3397; baseline -0.001 -16"><span class='ocrx_word' id='word_1_208' title='bbox 577 3328 724 3381; x_wconf 89' lang='lat' dir='ltr'><strong>culte</strong></span> <span class='ocrx_word' id='word_1_209' title='bbox 762 3328 890 3385; x_wconf 87' lang='lat' dir='ltr'><strong>huic</strong></span> <span class='ocrx_word' id='word_1_210' title='bbox 925 3329 1276 3383; x_wconf 87' lang='lat' dir='ltr'><strong>idololatriae</strong></span> <span class='ocrx_word' id='word_1_211' title='bbox 1311 3346 1547 3395; x_wconf 84' lang='lat' dir='ltr'><strong>vacans,</strong></span> <span class='ocrx_word' id='word_1_212' title='bbox 1600 3328 1894 3381; x_wconf 87' lang='lat' dir='ltr'><strong>anathema</strong></span> <span class='ocrx_word' id='word_1_213' title='bbox 1934 3328 2036 3394; x_wconf 83' lang='lat' dir='ltr'><strong>sit,</strong></span> <span class='ocrx_word' id='word_1_214' title='bbox 2086 3328 2348 3397; x_wconf 86' lang='lat' dir='ltr'><strong>quoniam</strong></span> <span class='ocrx_word' id='word_1_215' title='bbox 2382 3328 2769 3396; x_wconf 86' lang='lat' dir='ltr'><strong>derelinquens</strong></span> 
     </span>
     <span class='ocr_line' id='line_1_30' title="bbox 574 3414 2663 3482; baseline -0.002 -11"><span class='ocrx_word' id='word_1_216' title='bbox 574 3416 872 3471; x_wconf 83' lang='lat' dir='ltr'><strong>Dominum</strong></span> <span class='ocrx_word' id='word_1_217' title='bbox 912 3421 1167 3470; x_wconf 88' lang='lat' dir='ltr'><strong>nostrum</strong></span> <span class='ocrx_word' id='word_1_218' title='bbox 1203 3417 1385 3471; x_wconf 87' lang='lat' dir='ltr'><strong>Iesum</strong></span> <span class='ocrx_word' id='word_1_219' title='bbox 1425 3416 1707 3470; x_wconf 85' lang='lat' dir='ltr'><strong>Christum</strong></span> <span class='ocrx_word' id='word_1_220' title='bbox 1742 3414 1919 3469; x_wconf 89' lang='lat' dir='ltr'><strong>filium</strong></span> <span class='ocrx_word' id='word_1_221' title='bbox 1959 3416 2082 3482; x_wconf 88' lang='lat' dir='ltr'><strong>Dei,</strong></span> <span class='ocrx_word' id='word_1_222' title='bbox 2120 3416 2357 3469; x_wconf 86' lang='lat' dir='ltr'><strong>accessit</strong></span> <span class='ocrx_word' id='word_1_223' title='bbox 2392 3415 2462 3469; x_wconf 87' lang='lat' dir='ltr'><strong>ad</strong></span> <span class='ocrx_word' id='word_1_224' title='bbox 2496 3415 2663 3469; x_wconf 87' lang='lat' dir='ltr'><strong>idola.</strong></span> 
     </span>
    </p>
   </div>
   <div class='ocr_carea' id='block_1_15' title="bbox 1033 3568 2134 3625">
    <p class='ocr_par' dir='ltr' id='par_1_15' title="bbox 1033 3568 2134 3625">
     <span class='ocr_line' id='line_1_31' title="bbox 1033 3568 2134 3625; baseline 0 -2"><span class='ocrx_word' id='word_1_225' title='bbox 1033 3569 1442 3623; x_wconf 87' lang='lat' dir='ltr'><strong>CLERICIS</strong></span> <span class='ocrx_word' id='word_1_226' title='bbox 1502 3569 1616 3623; x_wconf 90' lang='lat' dir='ltr'><strong>ET</strong></span> <span class='ocrx_word' id='word_1_227' title='bbox 1659 3568 2134 3625; x_wconf 83' lang='lat' dir='ltr'><strong>&#39;NONNANIS.</strong></span> 
     </span>
    </p>
   </div>
   <div class='ocr_carea' id='block_1_16' title="bbox 376 3688 2769 3876">
    <p class='ocr_par' dir='ltr' id='par_1_16' title="bbox 376 3688 2769 3876">
     <span class='ocr_line' id='line_1_32' title="bbox 547 3688 2769 3777; baseline -0.002 -22"><span class='ocrx_word' id='word_1_228' title='bbox 547 3690 768 3755; x_wconf 91' lang='lat' dir='ltr'><strong>XVII.</strong></span> <span class='ocrx_word' id='word_1_229' title='bbox 852 3689 1023 3754; x_wconf 90' lang='lat' dir='ltr'><strong>Item</strong></span> <span class='ocrx_word' id='word_1_230' title='bbox 1064 3689 1134 3752; x_wconf 91' lang='lat' dir='ltr'><strong>in</strong></span> <span class='ocrx_word' id='word_1_231' title='bbox 1175 3688 1405 3754; x_wconf 89' lang='lat' dir='ltr'><strong>eodem</strong></span> <span class='ocrx_word' id='word_1_232' title='bbox 1451 3688 1741 3770; x_wconf 81' lang='lat' dir='ltr'><strong>concilio,</strong></span> <span class='ocrx_word' id='word_1_233' title='bbox 1788 3689 1964 3774; x_wconf 88' lang='lat' dir='ltr'><strong>quod</strong></span> <span class='ocrx_word' id='word_1_234' title='bbox 1994 3712 2123 3754; x_wconf 88' lang='lat' dir='ltr'><strong>non</strong></span> <span class='ocrx_word' id='word_1_235' title='bbox 2152 3696 2447 3777; x_wconf 87' lang='lat' dir='ltr'><strong>oporteat</strong></span> <span class='ocrx_word' id='word_1_236' title='bbox 2470 3689 2769 3754; x_wconf 85' lang='lat' dir='ltr'><strong>mulieres</strong></span> 
     </span>
     <span class='ocr_line' id='line_1_33' title="bbox 376 3788 1028 3876; baseline -0.008 -20"><span class='ocrx_word' id='word_1_237' title='bbox 376 3792 460 3856; x_wconf 87' lang='lat' dir='ltr'><strong>ad</strong></span> <span class='ocrx_word' id='word_1_238' title='bbox 503 3793 703 3857; x_wconf 86' lang='lat' dir='ltr'><strong>altare</strong></span> <span class='ocrx_word' id='word_1_239' title='bbox 747 3788 1028 3876; x_wconf 87' lang='lat' dir='ltr'><strong>ingredi.</strong></span> 
     </span>
    </p>
   </div>
   <div class='ocr_carea' id='block_1_17' title="bbox 649 3886 2681 3995">
    <p class='ocr_par' dir='ltr' id='par_1_17' title="bbox 649 3886 2681 3995">
     <span class='ocr_line' id='line_1_34' title="bbox 649 3886 2681 3995; baseline -0.002 -33"><span class='ocrx_word' id='word_1_240' title='bbox 649 3908 814 3963; x_wconf 87' lang='lat' dir='ltr'><strong>Cone.</strong></span> <span class='ocrx_word' id='word_1_241' title='bbox 855 3906 1082 3961; x_wconf 85' lang='lat' dir='ltr'><strong>Laodic.</strong></span> <span class='ocrx_word' id='word_1_242' title='bbox 1121 3923 1241 3961; x_wconf 88' lang='lat' dir='ltr'><strong>can.</strong></span> <span class='ocrx_word' id='word_1_243' title='bbox 1277 3907 1363 3961; x_wconf 83' lang='lat'><strong>44.</strong></span> <span class='ocrx_word' id='word_1_244' title='bbox 1401 3906 1528 3961; x_wconf 85' lang='lat' dir='ltr'><strong>Non</strong></span> <span class='ocrx_word' id='word_1_245' title='bbox 1566 3910 1791 3975; x_wconf 90' lang='lat' dir='ltr'><strong>oportet</strong></span> <span class='ocrx_word' id='word_1_246' title='bbox 1830 3907 2089 3961; x_wconf 88' lang='lat' dir='ltr'><strong>mulieres</strong></span> <span class='ocrx_word' id='word_1_247' title='bbox 2124 3906 2343 3995; x_wconf 82' lang='lat' dir='ltr'><strong>ingredi</strong></span> <span class='ocrx_word' id='word_1_248' title='bbox 2381 3908 2452 3961; x_wconf 90' lang='lat' dir='ltr'><strong>ad</strong></span> <span class='ocrx_word' id='word_1_249' title='bbox 2490 3886 2681 3960; x_wconf 80' lang='lat' dir='ltr'><strong>altare.</strong></span> 
     </span>
    </p>
   </div>
   <div class='ocr_carea' id='block_1_18' title="bbox 1227 4041 1914 4099">
    <p class='ocr_par' dir='ltr' id='par_1_18' title="bbox 1227 4041 1914 4099">
     <span class='ocr_line' id='line_1_35' title="bbox 1227 4041 1914 4099; baseline -0.003 0"><span class='ocrx_word' id='word_1_250' title='bbox 1227 4041 1914 4099; x_wconf 85' lang='lat' dir='ltr'><strong>SACERDOTIBUS.</strong></span> 
     </span>
    </p>
   </div>
   <div class='ocr_carea' id='block_1_19' title="bbox 380 4158 2765 4346">
    <p class='ocr_par' dir='ltr' id='par_1_19' title="bbox 380 4158 2765 4346">
     <span class='ocr_line' id='line_1_36' title="bbox 547 4158 2765 4244; baseline -0.004 -14"><span class='ocrx_word' id='word_1_251' title='bbox 547 4164 803 4230; x_wconf 89' lang='lat' dir='ltr'><strong>XVIII.</strong></span> <span class='ocrx_word' id='word_1_252' title='bbox 911 4163 1080 4228; x_wconf 90' lang='lat' dir='ltr'><strong>Item</strong></span> <span class='ocrx_word' id='word_1_253' title='bbox 1138 4162 1207 4227; x_wconf 92' lang='lat' dir='ltr'><strong>in</strong></span> <span class='ocrx_word' id='word_1_254' title='bbox 1259 4162 1491 4227; x_wconf 90' lang='lat' dir='ltr'><strong>eodem</strong></span> <span class='ocrx_word' id='word_1_255' title='bbox 1537 4160 1805 4226; x_wconf 87' lang='lat' dir='ltr'><strong>concilio</strong></span> <span class='ocrx_word' id='word_1_256' title='bbox 1827 4212 1846 4244; x_wconf 81' lang='lat'><em>,</em></span> <span class='ocrx_word' id='word_1_257' title='bbox 1910 4170 1983 4225; x_wconf 86' lang='lat' dir='ltr'><strong>ut</strong></span> <span class='ocrx_word' id='word_1_258' title='bbox 2044 4162 2415 4243; x_wconf 87' lang='lat' dir='ltr'><strong>cauclearii,</strong></span> <span class='ocrx_word' id='word_1_259' title='bbox 2473 4158 2765 4239; x_wconf 80' lang='lat' dir='ltr'><strong>malefici,</strong></span> 
     </span>
     <span class='ocr_line' id='line_1_37' title="bbox 380 4262 2143 4346; baseline -0.001 -17"><span class='ocrx_word' id='word_1_260' title='bbox 380 4264 828 4346; x_wconf 84' lang='lat' dir='ltr'><strong>incantatores,</strong></span> <span class='ocrx_word' id='word_1_261' title='bbox 876 4273 942 4328; x_wconf 90' lang='lat' dir='ltr'><strong>et</strong></span> <span class='ocrx_word' id='word_1_262' title='bbox 980 4262 1422 4329; x_wconf 85' lang='lat' dir='ltr'><strong>incantatrices</strong></span> <span class='ocrx_word' id='word_1_263' title='bbox 1469 4262 1615 4326; x_wconf 81' lang='lat' dir='ltr'><strong>fieri</strong></span> <span class='ocrx_word' id='word_1_264' title='bbox 1658 4285 1791 4327; x_wconf 92' lang='lat' dir='ltr'><strong>non</strong></span> <span class='ocrx_word' id='word_1_265' title='bbox 1838 4262 2143 4328; x_wconf 86' lang='lat' dir='ltr'><strong>sinantur.</strong></span> 
     </span>
    </p>
   </div>
   <div class='ocr_carea' id='block_1_20' title="bbox 585 4378 2767 4537">
    <p class='ocr_par' dir='ltr' id='par_1_20' title="bbox 585 4378 2767 4537">
     <span class='ocr_line' id='line_1_38' title="bbox 660 4378 2767 4449; baseline -0.001 -16"><span class='ocrx_word' id='word_1_266' title='bbox 660 4380 819 4433; x_wconf 83' lang='lat' dir='ltr'><strong>Cone.</strong></span> <span class='ocrx_word' id='word_1_267' title='bbox 855 4379 1084 4435; x_wconf 87' lang='lat' dir='ltr'><strong>Laodic.</strong></span> <span class='ocrx_word' id='word_1_268' title='bbox 1125 4398 1243 4435; x_wconf 89' lang='lat' dir='ltr'><strong>can.</strong></span> <span class='ocrx_word' id='word_1_269' title='bbox 1283 4382 1366 4435; x_wconf 86' lang='lat'><strong>36.</strong></span> <span class='ocrx_word' id='word_1_270' title='bbox 1407 4378 1679 4447; x_wconf 80' lang='lat' dir='ltr'><strong>Quoniam</strong></span> <span class='ocrx_word' id='word_1_271' title='bbox 1718 4398 1832 4433; x_wconf 88' lang='lat' dir='ltr'><strong>non</strong></span> <span class='ocrx_word' id='word_1_272' title='bbox 1864 4384 2089 4449; x_wconf 87' lang='lat' dir='ltr'><strong>oportet</strong></span> <span class='ocrx_word' id='word_1_273' title='bbox 2110 4380 2397 4435; x_wconf 85' lang='lat' dir='ltr'><strong>ministros</strong></span> <span class='ocrx_word' id='word_1_274' title='bbox 2436 4380 2644 4447; x_wconf 88' lang='lat' dir='ltr'><strong>altaris,</strong></span> <span class='ocrx_word' id='word_1_275' title='bbox 2683 4378 2767 4431; x_wconf 89' lang='lat' dir='ltr'><strong>vel</strong></span> 
     </span>
     <span class='ocr_line' id='line_1_39' title="bbox 585 4465 2767 4537; baseline 0 -18"><span class='ocrx_word' id='word_1_276' title='bbox 585 4465 842 4533; x_wconf 86' lang='lat' dir='ltr'><strong>Clericos,</strong></span> <span class='ocrx_word' id='word_1_277' title='bbox 883 4484 1075 4537; x_wconf 84' lang='lat' dir='ltr'><strong>magos</strong></span> <span class='ocrx_word' id='word_1_278' title='bbox 1113 4472 1211 4522; x_wconf 89' lang='lat' dir='ltr'><strong>aut</strong></span> <span class='ocrx_word' id='word_1_279' title='bbox 1242 4467 1616 4521; x_wconf 85' lang='lat' dir='ltr'><strong>incantatores</strong></span> <span class='ocrx_word' id='word_1_280' title='bbox 1640 4484 1775 4535; x_wconf 85' lang='lat' dir='ltr'><strong>esse,</strong></span> <span class='ocrx_word' id='word_1_281' title='bbox 1812 4470 1911 4521; x_wconf 89' lang='lat' dir='ltr'><strong>aut</strong></span> <span class='ocrx_word' id='word_1_282' title='bbox 1944 4466 2128 4521; x_wconf 89' lang='lat' dir='ltr'><strong>facere</strong></span> <span class='ocrx_word' id='word_1_283' title='bbox 2164 4484 2307 4535; x_wconf 85' lang='lat' dir='ltr'><strong>quae</strong></span> <span class='ocrx_word' id='word_1_284' title='bbox 2342 4468 2605 4522; x_wconf 86' lang='lat' dir='ltr'><strong>dicuntur</strong></span> <span class='ocrx_word' id='word_1_285' title='bbox 2639 4466 2767 4536; x_wconf 85' lang='lat' dir='ltr'><strong>phy-</strong></span> 
     </span>
    </p>
   </div>
   <div class='ocr_carea' id='block_1_21' title="bbox 2906 578 2922 2931">
    <p class='ocr_par' dir='ltr' id='par_1_21' title="bbox 2906 578 2922 2931">
     <span class='ocr_line' id='line_1_40' title="bbox 2906 578 2922 2931; baseline 0 0"><span class='ocrx_word' id='word_1_286' title='bbox 2906 578 2922 2931; x_wconf 95' lang='lat' dir='ltr'><strong> </strong></span> 
     </span>
    </p>
   </div>
   <div class='ocr_carea' id='block_1_22' title="bbox 2912 3880 2915 4443">
    <p class='ocr_par' dir='ltr' id='par_1_22' title="bbox 2912 3880 2915 4443">
     <span class='ocr_line' id='line_1_41' title="bbox 2912 3880 2915 4443; baseline 0 0"><span class='ocrx_word' id='word_1_287' title='bbox 2912 3880 2915 4443; x_wconf 95' lang='lat' dir='ltr'><strong> </strong></span> 
     </span>
    </p>
   </div>
  </div>
 </body>
</html>
