2959 4984
575 317 765 367 XLIX.
840 317 1152 396 LITERAE
1191 317 1437 368 NUNTn
1479 317 1915 372 APOSTOLIOI
1951 325 2013 370 A.
2054 318 2211 373 1855.
2496 323 2601 378 295

175 482 499 568 gritatem
562 477 836 542 attinent
858 527 878 560 ,
942 477 1006 540 vi
1053 479 1338 543 muneris
1398 481 1741 568 pastoralis
1800 481 1895 546 eis
1966 482 2215 570 proprii
2288 484 2595 570 dirigant.

179 585 529 664 Quantum
575 599 730 642 vero
777 576 1078 662 Majestas
1124 575 1260 643 Sua
1302 588 1613 667 exoptet,
1650 589 1721 644 ut
1761 581 1829 644 in
1870 583 2167 647 omnibus
2211 583 2598 668 quibuscun-

179 704 320 767 que
364 678 671 746 institutis
729 687 955 741 cuncta
1015 687 1195 743 reete
1254 702 1330 742 ac
1381 680 1491 768 pie
1554 692 2019 768 componantur
2045 731 2065 764 ,
2132 705 2220 747 ex
2282 705 2359 748 00
2404 695 2602 772 patet,

181 782 372 866 quod
419 780 632 863 etiam,
680 778 788 863 qui
832 778 1107 842 carceris
1148 799 1422 865 poenam
1462 779 1669 862 luunt,
1714 781 2061 846 novissime
2108 805 2411 869 magnam
2454 807 2596 872 par·

181 894 328 947 tem
373 879 958 966 congregationum
1003 878 1460 964 religiosarum
1506 900 1697 943 curae
1744 879 2111 945 demandati
2154 883 2412 948 fuerint.

362 978 672 1047 Ceterum
712 978 866 1042 mihi
912 998 1291 1042 concessum
1331 978 1447 1061 sit,
1513 979 1728 1044 denuo
1771 1001 2103 1068 exponere
2148 1003 2375 1047 sensus
2422 1007 2591 1049 sum-

189 1101 345 1145 mae
388 1077 841 1160 venerationis,
884 1099 1156 1161 quacum
1201 1099 1553 1164 permaneo

882 1193 1288 1258 Eminentiae
1331 1193 1609 1258 Vestrae
1664 1173 2265 1261 Reverendissimae

359 1313 679 1394 Viennae,
725 1309 828 1374 die
878 1309 974 1374 18.
1021 1309 1310 1395 Augusti
1355 1308 1539 1375 1855.

995 1427 1394 1490 humillimus
1441 1435 1508 1491 et
1550 1427 2165 1510 obsequentissimus
2206 1449 2433 1494 servus

974 1543 1145 1610 JOS.
1196 1541 1568 1609 Othmar.
1616 1542 1712 1606 de
1750 1541 2186 1609 Rauscher
2228 1568 2315 1609 m.
2361 1569 2425 1634 p.

1168 1641 1725 1731 Archiepiscopus
1774 1642 2185 1708 Viennensis.

278 1873 529 1938 XLIX.
617 1873 1050 1956 Litterae,
1112 1873 1412 1957 quibus
1457 1873 2195 1940 Eminentissimus
2239 1875 2482 1942 Viale

911 1996 1418 2062 responsum
1461 1974 1863 2038 reddidit.

649 2123 1016 2188 Oelsz'ssime
1060 2147 1138 2187 ae
1179 2123 1731 2190 Reverendissime
1776 2123 2143 2211 Princeps!

363 2255 615 2345 Accepi
655 2257 898 2321 litteras
951 2255 1373 2322 Celsitudinis
1417 2258 1597 2322 Tuae
1636 2257 2241 2324 Reverendissimae
2283 2256 2601 2322 hodierna

185 2356 302 2420 die
341 2354 470 2420 Ne.
499 2355 544 2418 4
585 2355 668 2420 ad
715 2378 816 2422 me
860 2356 1060 2440 dataS,
1101 2357 1168 2421 in
1214 2358 1446 2442 quibus
1488 2358 1677 2445 plura
1716 2365 2208 2444 pertractantur,
2242 2357 2407 2421 circa
2430 2377 2594 2442 quae

180 2457 359 2520 inter
403 2479 520 2519 nos
569 2456 800 2522 collata
843 2457 1106 2521 fuerunt
1152 2458 1458 2541 consilia,
1534 2479 1827 2544 quaeque
1872 2457 2108 2546 partim
2148 2457 2231 2522 ad
2274 2455 2585 2522 dilucida-

181 2556 434 2620 tionem
473 2555 768 2639 illorum,
833 2578 998 2641 quae
1057 2557 1128 2621 in
1187 2557 1639 2624 Conventione
1698 2558 2106 2624 eontinentur
2125 2606 2146 2640 ,
2214 2556 2594 2640 inserviunt,

180 2656 423 2745 partim
461 2677 620 2719 vero
665 2656 745 2720 ad
779 2657 902 2721 alia
947 2657 1286 2723 statuenda
1331 2668 1479 2724 sunt
1526 2659 1856 2742 ordinata,
1926 2658 2009 2722 de
2049 2656 2279 2743 quibus
2324 2655 2586 2742 quidem

186 2765 632 2844 opportunum
683 2755 1043 2840 judicatum
1085 2757 1248 2839 fuit,
1317 2758 1385 2823 in
1424 2759 1653 2824 eadem
1708 2758 2155 2825 Conventione
2220 2777 2588 2822 sermonem

183 2879 325 2920 non
363 2855 646 2937 habere,
691 2856 806 2920 sed
848 2856 1152 2942 Majestas
1196 2855 1330 2923 Sua
1377 2858 1698 2924 Caesarea
1738 2882 1859 2946 pro
1910 2857 2147 2923 eximia
2191 2855 2327 2923 Sua
2372 2856 2589 2940 aequi-

186 2964 319 3020 tate
363 2965 429 3020 et
467 2955 704 3043 pietate
746 2966 1034 3042 paratam
1077 2955 1241 3023 Sese
1289 2959 1602 3041 exhibuit,
1648 2957 2048 3026 Sanctissimi
2079 2956 2288 3020 Patris
2338 2954 2590 3019 deside-

188 3057 306 3122 riis
350 3065 418 3120 et
457 3055 992 3144 postulationibus
1039 3059 1424 3123 satisfacere.
1481 3058 1579 3124 Ea
1617 3060 1855 3145 itaque,
1902 3079 2066 3144 quae
2108 3057 2176 3120 in
2221 3054 2591 3121 memoratis

187 3157 424 3222 litteris
471 3178 783 3245 expressa
824 3166 992 3240 sunt,
1041 3168 1169 3222 tam
1212 3183 1250 3223 a
1297 3158 1536 3225 Sancta
1567 3158 1747 3227 Sede
1792 3182 1984 3245 quam
2022 3182 2060 3222 a
2084 3155 2421 3242 Majestate
2456 3153 2593 3222 Sua

201 3257 526 3324 Caesarea
568 3256 880 3343 religiose
927 3260 1370 3324 servabuntur.

355 3357 454 3425 Ut
497 3357 724 3440 01111113,
769 3367 1078 3442 quantum
1125 3359 1268 3422 fieri
1305 3368 1539 3452 potest,
1588 3359 1957 3424 recludatur
2004 3356 2212 3422 aditus
2258 3355 2594 3420 difficulta-

194 3459 396 3541 tibus,
459 3479 622 3542 quae
669 3479 756 3522 ex
793 3457 1326 3546 interpretatione
1368 3459 1671 3542 illorum,
1738 3481 1903 3544 quae
1942 3458 2012 3522 in
2049 3466 2402 3524 memorata
2446 3476 2594 3520 con-

191 3558 499 3624 ventione
543 3558 950 3624 continentur
974 3608 995 3642 ,
1051 3559 1204 3624 oriri
1246 3569 1546 3646 possent,
1618 3562 1880 3626 nomine
1925 3557 2201 3625 Sanctae
2245 3557 2439 3625 Sedis
2484 3556 2595 3621 de-

197 3659 390 3741 claro,
437 3679 549 3740 ea,
595 3679 758 3742 quae
806 3657 1104 3722 Articulo
1149 3660 1303 3723 VII.
1352 3669 1745 3743 statuuntur,
1790 3683 1919 3725 non
1968 3679 2111 3723 esse
2146 3654 2597 3740 intelligenda,

193 3758 313 3823 nisi
361 3759 448 3822 de
490 3757 848 3843 gymnasiis
889 3758 1256 3844 mediisque
1304 3759 1541 3824 scholis
1585 3784 1704 3848 pro
1741 3762 2083 3846 juventute
2128 3755 2439 3821 catholica
2482 3754 2594 3819 de-

193 3857 478 3937 stinatiS,
548 3857 830 3922 exclusis
880 3857 995 3941 iis,
1072 3881 1236 3943 quae
1295 3882 1416 3946 pro
1474 3861 1842 3926 acatholicis
1897 3857 2141 3924 fuerint
2180 3854 2485 3919 fundatae
2532 3863 2597 3919 et

201 3957 575 4024 destinatae.

363 4057 736 4123 Declaratio
781 4080 938 4124 vero
964 4106 983 4142 ,
1061 4081 1225 4145 quae
1265 4059 1631 4125 continetur
1673 4059 1800 4126 Nc.
1844 4058 1929 4123 X.
1990 4059 2350 4122 litterarum
2394 4054 2596 4122 Celsi-

195 4158 440 4223 tudinis
485 4158 664 4223 Tuae
713 4158 881 4224 eirca
922 4159 1190 4224 modum
1245 4160 1651 4245 sequendum
1707 4159 1775 4223 in
1806 4158 2067 4244 judiciis
2112 4166 2333 4222 contra
2372 4155 2596 4221 Eccle-

201 4258 488 4324 siasticos
527 4259 722 4340 viroS,
773 4259 884 4342 qui
925 4259 995 4323 in
1031 4260 1142 4344 jus
1185 4269 1497 4324 vocentur
1541 4268 1811 4348 propter
1860 4257 2103 4324 crimen
2146 4279 2262 4322 seu
2290 4256 2598 4324 delictum

203 4357 286 4423 ad
331 4358 722 4446 religionem
770 4358 1138 4446 pertinenS,
1204 4359 1379 4444 quod
1434 4360 1813 4446 poenalibus
1854 4359 2123 4447 Imperii
2164 4358 2422 4444 legibus
2464 4358 2597 4423 ani-

213 4458 634 4525 madvertitur
664 4507 684 4543 ,
742 4483 784 4524 a
829 4455 1069 4526 Sancta
1110 4457 1292 4527 Sede
1332 4459 1688 4525 admittitur
1734 4459 1999 4545 quidem
2021 4508 2042 4543 ,
2110 4481 2231 4548 per
2272 4480 2343 4524 se
2384 4465 2600 4526 autem
