2959 4984
437 299 528 354 IV.
599 293 705 351 EX
739 293 960 350 LIBRO
999 294 1278 350 DIURNO
1313 293 1783 352 ROMAHORUM
1822 293 2283 350 PONTlFlcUM.
2468 298 2529 352 11

1113 463 1368 530 Titulus
1411 463 1533 529 IV.

629 599 734 664 De
773 601 1086 664 electione
1122 597 1453 684 pontificib
1500 597 1593 662 ad
1633 595 2032 662 Exarchum.

307 765 974 856 SuperscriptiO.
1058 768 1344 836 Domino
1401 765 1949 832 excellentissimo
1991 773 2183 850 atque
2232 766 2520 854 praecel-

153 868 481 935 lentissimo
499 918 519 951 ,
587 877 654 932 et
709 893 748 932 a
785 869 935 934 Deo
1002 869 1186 934 nobis
1240 867 1651 954 longaeviter
1710 866 1781 932 in
1822 863 2283 954 principalibus
2335 863 2519 930 mini-

149 968 336 1032 steriis
386 968 668 1032 feliciter
723 969 1203 1053 conservande,
1247 969 1350 1032 Ill.
1393 965 1753 1032 Exconsuli
1767 1015 1789 1050 ,
1854 964 2131 1030 Patricio
2202 975 2267 1029 et
2312 963 2513 1030 Exar-

151 1068 256 1130 cho
298 1067 552 1149 Italiae,
597 1067 1012 1152 Presbyteri,
1049 1067 1326 1132 Diaconi
1342 1117 1364 1152 ,
1425 1076 1493 1132 et
1522 1065 1855 1132 familiaris
1889 1064 2229 1132 universus
2264 1063 2521 1148 Clerus,

148 1167 458 1232 Axiomati
509 1167 723 1250 etiam,
776 1189 894 1233 seu
939 1168 1264 1234 exercitus
1307 1177 1372 1232 et
1409 1167 1691 1254 populus
1729 1164 1925 1232 huius
1964 1165 2291 1232 Romanae
2336 1166 2515 1232 urbis

150 1267 472 1355 supplices.

293 1367 492 1432 Novit
515 1366 816 1432 humanis
853 1368 1048 1432 rebus
1087 1366 1497 1455 providentia
1537 1365 1755 1432 divina
1797 1387 2196 1448 succurrere,
2240 1373 2307 1430 et
2342 1387 2517 1432 moe-

149 1467 404 1532 rentium
463 1469 658 1535 fletus
711 1490 788 1534 ac
831 1467 1114 1552 gemitus
1166 1467 1234 1532 in
1289 1467 1753 1532 exultationem
1811 1475 2237 1551 convertere3
2305 1475 2377 1532 ut
2416 1466 2527 1551 qui

150 1587 334 1654 nuper
393 1569 968 1632 consternabantur
1028 1567 1251 1632 afflicti
1278 1617 1299 1650 ‚
1367 1567 1784 1654 postmodum
1838 1577 2192 1654 appareant
2252 1566 2523 1632 nimium

153 1666 456 1732 consolati.
511 1666 820 1732 Canentis
871 1667 1044 1734 enim
1086 1668 1292 1752 Regis
1335 1676 1487 1732 sunt
1528 1667 1729 1750 dicta,
1791 1689 1955 1753 quae
1996 1665 2273 1734 Sanctus
2316 1666 2523 1755 Spiri-

153 1775 238 1832 tus
276 1767 354 1832 de
395 1768 642 1855 templo
685 1768 1088 1856 prophetalis
1131 1768 1343 1834 cordis
1386 1767 1687 1834 insonuit.
1789 1768 1907 1832 Ad
1942 1791 2276 1854 vesperam
2315 1768 2523 1832 demo-

156 1867 388 1933 rabitur
417 1867 643 1950 stetus,
692 1883 754 1934 et
799 1869 892 1932 ad
927 1870 1311 1932 niatutinum
1353 1869 1627 1934 laetitia.
1728 1867 1861 1951 Qui
1902 1876 1970 1934 et
2010 1866 2244 1932 iterum
2284 1867 2527 1952 gratias

161 1967 430 2034 referens
473 1970 660 2051 Dec,
700 1969 1167 2034 beneficiorum
1211 1969 1348 2033 eius
1391 1968 1937 2054 magnificentiam
1982 1968 2149 2034 canit
2163 2017 2185 2052 ,
2234 1977 2301 2034 et
2344 1967 2529 2032 dicit:

157 2064 537 2135 Convertisti
569 2069 906 2154 plan-ctum
941 2092 1146 2133 meum
1189 2071 1260 2132 in
1300 2069 1613 2156 qaudium
1644 2068 1821 2149 mihi,
1868 2069 2220 2134 concidisti
2272 2091 2530 2136 saccum

151 2188 352 2246 meum,
398 2181 460 2231 et
496 2172 944 2253 praecinaez‘sti
977 2192 1075 2232 me
1123 2169 1398 2248 laetitia,
1441 2182 1517 2234 ut
1559 2182 1772 2234 cantet
1818 2168 1942 2234 tibi
1976 2170 2201 2257 yloria
2240 2194 2419 2249 mea,
2468 2181 2529 2233 et

157 2287 272 2330 non
308 2290 724 2356 compunyar.
809 2269 944 2357 Ipsi
993 2268 1162 2334 enim
1209 2293 1362 2334 cura
1406 2269 1491 2334 de
1531 2268 1719 2336 nobis
1760 2278 1880 2354 est,
1920 2280 1993 2335 ut
2032 2294 2145 2336 vas
2188 2271 2521 2336 electionis

154 2374 210 2428 et
245 2389 430 2432 verae
476 2368 636 2433 fidei
679 2379 900 2437 monet
939 2369 1310 2454 integritas,
1369 2369 1613 2458 quippe
1664 2391 1829 2454 quae
1875 2380 2027 2436 sunt
2064 2370 2393 2454 tristitiae,
2434 2371 2519 2436 ad

155 2467 442 2550 gaudium
485 2467 856 2534 miserando
899 2469 1235 2558 perducit:
1295 2469 1472 2555 quod
1531 2478 1597 2533 et
1637 2469 1825 2534 nobis
1882 2470 2141 2558 exiguis
2192 2480 2259 2536 et
2297 2493 2521 2559 pecca-

149 2566 366 2634 toribus
412 2590 610 2656 opem
652 2570 734 2635 de
780 2570 918 2636 eius
958 2569 1400 2636 misericordia
1440 2569 2005 2657 praestolantibus,
2048 2571 2339 2657 dignatio
2378 2593 2517 2638 cae-

144 2665 301 2732 lestis
344 2669 658 2736 exhibuit.

295 2769 554 2837 Etenim
599 2769 986 2858 pontificalis
1025 2770 1377 2838 memoriae
1419 2770 1525 2836 Ill.
1590 2770 1673 2834 de
1731 2770 2179 2858 praesentibus
2222 2770 2393 2836 curis
2440 2772 2523 2836 ad

146 2877 453 2936 aeternam
497 2870 796 2956 requiem
837 2880 1100 2936 evocato
1113 2919 1136 2954 ,
1196 2879 1270 2937 ut
1328 2871 1571 2938 assolet
1624 2871 1919 2938 humanis
1960 2873 2155 2938 rebus
2200 2872 2517 2955 accidere,

147 2990 362 3054 magna
401 2993 523 3035 nos
573 2969 979 3036 tristiciarum
1017 2971 1226 3038 moles
1267 2970 1718 3052 obstrinxerat,
1759 2971 2025 3059 proprio
2072 2971 2518 3060 dispensatore

145 3067 494 3136 fmstratos:
560 3071 680 3135 sed
737 3093 883 3152 non,
935 3070 1047 3134 diu
1100 3071 1170 3136 in
1229 3071 1583 3136 afflictione
1638 3071 1992 3159 persistere
2038 3081 2343 3138 consueta
2380 3071 2513 3138 Dei

144 3169 326 3234 nostri
383 3169 754 3256 benignitas
775 3181 778 3185 '
799 3181 1132 3258 sperantes
1173 3171 1244 3236 in
1284 3194 1356 3236 se
1401 3171 1785 3257 dereliquit:
1854 3171 2067 3237 triduo
2114 3173 2285 3238 enim
2328 3171 2513 3238 nobis

145 3268 376 3354 exiguis
432 3271 504 3334 in
567 3271 860 3336 oratione
902 3272 1306 3338 manentibus
1323 3321 1342 3355 ,
1407 3282 1480 3336 ut
1524 3272 1809 3338 omnium
1851 3271 2175 3338 mentibus
2220 3271 2515 3338 caelestis

146 3366 412 3453 dignatio
460 3370 971 3456 demonstraret,
1031 3394 1226 3457 quem
1271 3373 1544 3458 dignum
1585 3372 1668 3437 ad
1712 3372 2189 3438 successionem
2228 3371 2513 3460 Aposto-

141 3466 282 3532 licae
320 3470 478 3536 vicis
518 3469 740 3538 iubeat
781 3471 1182 3558 eligendum,
1227 3467 1365 3537 eius
1401 3472 1615 3558 gratia
1658 3472 2077 3558 suffragante,
2122 3482 2190 3538 et
2226 3473 2512 3538 omnium

142 3567 344 3636 animis
393 3570 792 3659 inspirante,
857 3573 926 3638 in
986 3596 1115 3640 uno
1171 3573 1707 3639 convenientibus
1754 3573 1939 3640 nobis
1952 3621 1975 3656 ,
2037 3582 2111 3638 ut
2150 3572 2347 3638 moris
2392 3581 2509 3654 est,

143 3665 536 3738 familiaribus
587 3671 767 3738 Cleri
823 3682 889 3738 et
931 3672 1176 3761 plebis,
1245 3673 1601 3738 Procerum
1644 3673 1837 3740 etiam
1884 3683 1950 3738 et
1987 3673 2281 3738 militaris
2323 3693 2507 3760 prae-

143 3768 382 3854 sentiae,
423 3772 479 3836 si
530 3771 659 3836 dici
701 3781 819 3854 est,
862 3797 902 3836 a
939 3795 1140 3859 parvo
1181 3795 1386 3858 usque
1427 3773 1510 3839 ad
1552 3797 1879 3860 magnum,
1921 3773 1993 3838 in
2026 3795 2373 3860 personam
2403 3773 2509 3840 ΠΙ.

143 3868 498 3936 sanctissimi
564 3870 758 3936 huius
811 3881 1068 3938 sanctae
1110 3872 1529 3959 Apostolicae
1589 3873 1763 3938 sedis
1804 3874 2131 3940 Romanae
2176 3872 2510 3938 Ecclesiae

145 3965 600 4054 Archidiaconi,
643 3971 792 4040 Deo
840 3980 1249 4061 cooperante,
1293 3983 1359 4038 et
1392 3975 1729 4040 beatorum
1754 3973 2227 4062 Apostolorum
2262 3973 2509 4056 annisu,

146 4071 442 4136 concurrit
479 4081 676 4156 atque
725 4073 1050 4138 consensit
1089 4074 1344 4138 electio·
1439 4125 1446 4138 .

289 4169 482 4236 Cuius
525 4171 677 4237 Deo
731 4173 1022 4238 amabilis
1063 4173 1184 4238 viri
1230 4182 1475 4238 tantum
1519 4175 1757 4240 meruit
1804 4176 1977 4264 apud
2023 4175 2309 4243 omnium
2356 4201 2505 4243 con-

147 4266 418 4339 scientias
454 4273 664 4339 bonae
709 4281 778 4338 et
819 4273 1094 4360 pudicae
1137 4274 1641 4340 conversationis
1683 4277 2021 4363 perfectiO,
2065 4287 2137 4343 ut
2180 4279 2397 4346 nullus
2438 4280 2509 4346 in

147 4365 268 4432 eius
321 4371 635 4438 electione
693 4373 1072 4456 dissideret,
1135 4397 1212 4439 ac
1249 4375 1466 4440 nullus
1512 4376 1770 4440 abesset
1788 4425 1809 4460 ,
1874 4378 2175 4444 nullusve
2219 4379 2503 4467 seipsum

149 4468 562 4540 mbtraheret:
629 4494 824 4558 quem
878 4473 1052 4540 enim
1107 4473 1192 4540 ad
1249 4475 1378 4542 hoe
1418 4475 1841 4564 Apostolicae
1880 4475 2041 4542 vicis
2082 4477 2368 4542 officium
2408 4479 2503 4540 in-
