2959 4984
439 329 530 387 VT.
601 328 902 384 REG-ULA
939 322 1466 383 CHRODOGANGI
1496 326 1825 383 EPISGOPI
1860 322 2241 382 METENSIS.
2440 326 2513 383 29

153 501 216 565 de
253 500 412 564 clero
428 549 447 582 ,
509 499 806 564 omnibus
865 498 1093 563 diebus
1139 496 1499 562 Dominicis
1562 504 1629 559 et
1668 496 2119 561 festivitatibus
2159 493 2505 582 praeclaris

152 601 356 665 debent
415 622 650 687 corpus
713 608 780 663 et
837 599 1220 684 sanguinem
1273 597 1541 662 Domini
1584 597 1787 660 nostri
1844 594 1996 660 Iesu
2044 592 2284 661 Christi
2344 594 2509 658 acci-

151 722 314 787 peret
359 700 504 784 quia
546 699 870 764 Dominus
921 700 988 763 in
1031 698 1374 784 evangelio
1419 697 1613 761 dicit:
1694 695 1826 774 Qm·
1861 696 2209 760 manducat
2252 716 2511 757 earn-em

153 824 324 865 meam
361 814 418 863 et
461 801 622 865 bibit
665 802 1041 888 sanquinem
1085 820 1292 862 meum
1333 801 1400 861 in
1423 820 1525 860 me
1562 810 1779 860 manet
1820 810 1883 859 et
1924 819 2043 884 eqo
2090 800 2155 859 ίπ
2202 818 2295 859 eo.
2341 795 2511 861 Nam

151 900 192 964 si
229 901 481 987 indigne
536 900 678 985 quis
741 907 1142 965 sacrosancta
1197 898 1507 985 mysteria
1576 896 1963 984 sumpserit,
2031 896 2135 960 hic
2190 896 2507 961 iudicium

148 998 258 1061 sibi
290 1000 630 1063 manducat
674 1012 736 1062 et
776 998 954 1062 bibit.
999 998 1084 1063 Et
1134 998 1188 1061 si
1229 996 1402 1062 ullus
1445 996 1529 1061 de
1564 996 1759 1077 clero,
1802 995 1976 1081 quod
2019 996 2202 1077 absit,
2250 995 2507 1081 quando

151 1120 303 1161 suam
346 1099 813 1163 confessionem
857 1120 972 1163 suo
1021 1098 1326 1186 episcopo
1370 1098 1541 1179 facit,
1586 1106 1660 1161 ut
1702 1096 1793 1160 sic
1838 1096 2126 1183 repletus
2168 1096 2251 1160 sit
2276 1096 2505 1184 spiritu

151 1197 430 1263 diabolico
452 1248 472 1281 ,
533 1198 710 1284 quod
763 1222 955 1263 ausus
995 1198 1076 1263 sit
1127 1197 1209 1262 de
1255 1198 1386 1262 suis
1430 1198 1710 1285 peccatis
1766 1195 1979 1281 aliqua
2022 1218 2207 1260 suum
2256 1196 2501 1283 episco-

153 1322 286 1385 pum
324 1299 572 1365 celare:
639 1308 706 1363 et
743 1298 924 1363 vadit
965 1299 1146 1383 quasi
1189 1320 1308 1385 per
1351 1298 1511 1362 alios
1554 1296 1923 1362 sacerdotes
1969 1318 2112 1361 suas
2162 1297 2509 1361 confessio-

151 1421 246 1462 nes
285 1400 572 1464 donando
596 1449 616 1482 ,
675 1407 740 1463 et
785 1399 930 1463 vult
969 1420 1155 1463 suum
1200 1399 1579 1486 episcopum
1622 1396 2019 1462 abscondere
2066 1397 2311 1461 scelera
2353 1418 2503 1478 sua3

155 1499 280 1582 quia
337 1499 518 1563 timet
562 1508 638 1564 ut
677 1508 1010 1564 removeat
1057 1522 1204 1563 eum
1255 1498 1596 1587 episcopus
1645 1499 1727 1562 de
1771 1496 2025 1583 gradu:
2086 1506 2151 1561 et
2207 1498 2258 1561 si
2302 1496 2515 1561 adhuc

155 1602 211 1664 in
253 1601 446 1687 gradu
488 1623 621 1666 non
662 1610 777 1683 est,
817 1624 951 1667 non
993 1601 1259 1666 accedat
1300 1598 1382 1664 ad
1425 1598 1724 1685 gradum,
1766 1597 1873 1663 vel
1908 1598 1992 1661 ad
2018 1599 2069 1681 ¹)
2112 1596 2347 1683 corpus
2372 1597 2507 1661 Do-

157 1701 288 1765 mini
325 1711 703 1789 promoveat
745 1723 892 1765 eum
911 1752 930 1785 ,
974 1711 1083 1766 aut
1123 1700 1234 1765 illa
1275 1700 1430 1765 vitia
1474 1700 1709 1764 debeat
1752 1699 2101 1786 persequi:
2160 1698 2213 1762 si
2262 1698 2509 1787 episco-

158 1824 258 1887 pus
294 1802 410 1866 hoc
447 1824 570 1890 per
618 1802 953 1886 quodlibet
992 1801 1330 1887 ingenium
1375 1800 1769 1885 investigare
1806 1800 2129 1887 potuerit,
2178 1809 2244 1863 et
2280 1799 2511 1887 adpro-

159 1903 347 1965 batum
389 1902 446 1965 ei
485 1902 716 1984 fuerit,
763 1903 1165 1991 corporalem
1214 1900 1652 1989 disciplinam,
1698 1900 1807 1964 vel
1848 1921 2174 1965 carcerem
2218 1900 2515 1988 patiatur,

159 2002 246 2063 vel
283 2002 444 2065 aliud
491 2002 670 2087 quod
713 2004 1016 2091 episcopo
1059 2002 1268 2067 visum
1311 2000 1542 2083 fuerit,
1606 2001 1786 2065 iuxta
1826 2000 2093 2065 modum
2137 2001 2399 2088 culpae,
2442 2010 2515 2065 ut

160 2102 327 2165 ceteri
367 2110 608 2167 metum
648 2102 960 2187 habeant,
1003 2112 1069 2167 et
1109 2104 1177 2168 in
1220 2104 1350 2168 tale
1396 2102 1605 2167 scelus
1650 2125 1780 2167 non
1824 2103 2091 2166 cadant:
2137 2101 2285 2185 quia
2326 2101 2517 2165 nimis

159 2199 454 2287 improbus
504 2212 640 2286 est,
709 2204 818 2287 qui
865 2212 1011 2268 ante
1057 2202 1189 2268 Dei
1235 2203 1455 2268 oculos
1504 2210 1763 2290 peccat,
1832 2210 1899 2265 et
1934 2202 2180 2267 homini
2226 2204 2521 2268 confiteri

165 2302 486 2385 erubescit,
562 2303 672 2368 ubi
714 2304 862 2368 Deo
913 2304 1258 2369 miserante
1317 2303 1399 2367 de
1459 2302 1601 2392 ipso
1661 2312 1925 2391 peccato
1980 2302 2175 2367 debet
2227 2302 2519 2391 accipere

167 2400 465 2465 consilium
512 2402 816 2467 sanitatis·

636 2650 640 2654 ‚
681 2550 838 2640 Cap.
880 2552 1032 2617 XV.
1121 2549 1224 2616 De
1263 2550 1679 2639 yraviorcbus
1727 2552 1959 2638 culpis.

304 2681 373 2749 Si
413 2686 554 2769 quis
589 2686 862 2751 clericus
904 2686 1008 2750 de·
1035 2686 1264 2751 ordine
1301 2686 1607 2751 canonico
1644 2686 1979 2773 graviores
2006 2686 2059 2772 2)
2106 2684 2327 2775 culpas
2356 2706 2525 2751 com-

169 2782 414 2866 miserit3
455 2785 526 2848 id
573 2794 706 2868 est,
747 2786 1200 2869 homicidium,
1243 2786 1769 2869 fornicationem,
1812 2787 2222 2871 adulterium,
2264 2788 2526 2868 furtum,

167 2882 254 2945 vel
293 2884 388 2947 his
431 2886 642 2949 simile
685 2908 887 2950 unum
947 2908 1032 2952 ex
1075 2886 1538 2975 principalibus
1576 2888 1749 2951 vitiis
1796 2888 2222 2969 commiserit,
2300 2910 2525 2975 corpo-

165 2982 264 3045 rali
305 2985 702 3072 castigationi
745 2987 1040 3073 primitus
1083 2988 1436 3051 subiaceat:
1487 2985 1724 3051 deinde
1776 2998 2013 3073 quanto
2053 2997 2347 3075 tempore
2390 2988 2533 3051 vult

167 3082 510 3173 episcopus,
555 3087 666 3150 vel
715 3087 822 3171 qui
866 3090 984 3152 sub
1026 3109 1104 3151 eo
1150 3095 1317 3170 sunt,
1364 3108 1690 3151 carcerem
1724 3089 1833 3152 vel
1874 3088 2176 3152 exsilium
2219 3087 2527 3175 patiatur3

167 3182 347 3247 sciens
401 3186 579 3249 illam
639 3186 995 3251 terribilem
1056 3188 1439 3251 sententiam
1500 3186 1805 3273 Apostoli
1866 3188 2174 3252 dicentis:
2246 3185 2535 3250 Tradere

169 3276 508 3349 huiusmodi
556 3284 874 3349 hominem
930 3290 1001 3350 in
1058 3290 1388 3351 interitum
1435 3290 1653 3350 carnis
1670 3335 1688 3367 ,
1752 3302 1824 3351 ut
1871 3292 2141 3374 spiritus
2186 3288 2403 3351 salvus
2447 3290 2534 3351 sit

167 3381 221 3442 ‘bn
261 3384 356 3448 die
397 3384 674 3449 Domini
711 3386 798 3473 (1.
843 3385 993 3453 Gor.
1035 3387 1126 3473 ὃ).
1213 3388 1302 3452 Et
1341 3388 1496 3453 dum
1538 3388 1607 3451 in
1647 3388 1791 3477 ipso
1834 3410 2088 3454 carcere
2136 3376 2534 3472 est,‘nullus

169 3500 237 3543 ex
273 3482 439 3549 clero·
483 3486 554 3550 in
595 3487 778 3551 nullo
827 3488 1134 3573 iungatur
1181 3488 1505 3554 consortio
1535 3537 1555 3571 ,
1616 3510 1829 3574 neque
1876 3489 1944 3553 in
1988 3490 2311 3574 colloquio
2326 3538 2345 3571 ,
2414 3488 2537 3551 nisi

167 3580 246 3643 cui
286 3584 456 3669 prior
495 3586 790 3651 iusserit:
837 3588 1012 3653 solus
1057 3590 1410 3677 persistens
1441 3590 1511 3653 in
1543 3590 1978 3677 poenitentiae
2004 3590 2059 3671 8)
2090 3590 2300 3679 luctu,
2334 3610 2531 3673 quan,-

168 3678 255 3745 diu
292 3684 485 3771 priori
527 3686 740 3751 visum
781 3698 895 3752 est.

301 3782 625 3871 Egressus
673 3787 754 3851 de
803 3808 1098 3871 carcere,
1143 3788 1196 3853 si
1245 3789 1584 3878 episcope,
1629 3790 1739 3853 vel
1785 3791 1895 3875 qui
1943 3792 2061 3855 sub
2102 3810 2179 3853 eo
2227 3792 2395 3869 sunt,
2438 3787 2534 3851 vi-

167 3902 282 3947 sum
321 3883 550 3971 fuerit,
597 3896 750 3973 agat
791 3888 1003 3953 adhuc
1050 3889 1375 3977 publicam
1417 3890 1920 3978 poenitentiam3
1984 3890 2053 3953 id
2102 3898 2219 3971 est,
2267 3910 2535 3976 suspen.-

171 3977 327 4047 datur
363 3986 440 4050 ab
485 3986 766 4051 oratorio
809 3988 1002 4052 simul
1046 3996 1112 4051 et
1153 4012 1190 4053 a
1216 3988 1414 4054 Missa
1434 3989 1525 4076 4):
1586 3998 1655 4054 et
1680 3990 1974 4055 omnibus
2008 3988 2327 4053 canonicis
2355 3988 2533 4053 horis
2634 4032 2637 4035 -
2688 3974 2697 3981 ⁸

169 4083 350 4149 veniat
385 4096 532 4152 ante
578 4088 814 4152 ostium
859 4088 1190 4171 ecclesiae,
1229 4090 1343 4155 ubi
1385 4089 1565 4181 prior
1610 4091 1885 4173 iusserit,
1931 4091 2146 4155 iacens
2174 4096 2533 4177 prostratus

171 4182 314 4248 omm·
355 4206 624 4276 corpore
661 4196 810 4253 ante
849 4188 1061 4277 ipsum
1103 4190 1304 4255 limen
1347 4190 1678 4275 ecclesiae,
1717 4200 1923 4277 usque
1964 4190 2119 4254 dum
2145 4188 2523 4274 ingrediun—

339 4430 392 4498 1)
435 4436 613 4499 Forte,
654 4448 688 4485 a
721 4426 956 4502 corpore
990 4434 1213 4488 Domini
1247 4438 1530 4489 removeat
1566 4451 1707 4488 eum.
1906 4437 1963 4503 2)
2002 4436 2077 4487 al.
2114 4432 2383 4501 gravioris
2420 4435 2533 4487 cul-

178 4524 260 4575 Psse
288 4516 498 4573 crimen.
701 4522 758 4588 3)
785 4524 868 4575 ἀι.
907 4521 1252 4591 poenitentia
1289 4522 1521 4575 luctum.
1721 4521 1775 4589 4)
1812 4522 1886 4574 al.
1921 4534 2129 4573 mensa.
