2959 4984
889 271 1162 322 KAROLI
1201 271 1434 324 MAGNI
1479 276 1541 324 A.
1580 271 1702 328 789.
2430 277 2503 331 65

1049 433 1541 490 EPISGOPIS.
1618 461 1623 466 ·

245 555 318 618 L.
411 554 496 618 In
540 554 810 619 concilio
853 553 918 618 Ν
922 550 1438 638 eocaesariense,
1496 566 1569 620 ut
1614 558 1981 622 nullatenus
2022 561 2346 646 presbiter
2387 583 2487 626 or-

99 655 340 719 dinetur
387 663 537 719 ante
581 653 990 740 trigesimum
1033 655 1257 718 aetatis
1299 677 1449 720 suae
1492 680 1748 738 annum,
1794 658 1943 741 quia
1977 658 2274 724 dominus
2302 660 2489 726 Iesus

97 777 214 818 non
251 754 664 842 praedicavit
708 763 854 832 ante
901 754 1309 839 trigesimum
1350 778 1609 820 annum.

356 872 528 926 Conc.
563 872 617 926 N
618 889 824 926 eocaes.
861 889 980 926 can.
1019 875 1104 926 11.
1155 872 1454 940 Presbyter
1492 878 1621 927 ante
1657 875 1895 944 triginta
1928 893 2197 932 annorum
2232 881 2489 946 aetatem,

277 961 538 1028 quamvis
573 960 646 1013 sit
682 960 909 1029 dig-nus,
951 977 1066 1013 non
1103 960 1420 1028 ordinetur,
1476 962 1575 1016 sed
1613 963 1871 1017 observet
1908 982 2084 1033 usque
2122 965 2195 1019 ad
2234 965 2491 1035 praefini-

275 1055 408 1102 tum
443 1052 699 1116 tempus:
749 1048 1018 1102 Dominus
1055 1048 1201 1101 enim
1228 1049 1513 1102 tricesimo
1550 1066 1695 1103 anno
1730 1051 2045 1120 baptizatus
2066 1058 2202 1122 est,
2260 1059 2319 1108 et
2358 1059 2493 1108 tunc

279 1135 655 1204 praedicavit.

1101 1299 1511 1356 OMNIBUS.

247 1404 368 1468 LI.
455 1403 537 1466 In
581 1402 1012 1467 decretalibus
1054 1400 1270 1470 siricii
1296 1426 1523 1492 papae,-
1566 1414 1641 1468 ut
1669 1406 1931 1470 alterius
1960 1423 2264 1493 sponsam
2298 1430 2491 1472 nemo

102 1505 392 1593 accipiat.
1317 1535 1350 1542 ··

361 1620 524 1674 Siric.
567 1637 612 1673 c.
650 1622 702 1674 4.
757 1621 840 1672 De
883 1617 1162 1689 coniugali
1194 1621 1497 1674 violatione
1532 1622 1849 1690 requisisti,
1890 1624 1941 1676 si
1974 1624 2365 1694 desponsatam
2400 1625 2497 1678 alii

284 1710 537 1778 puellam
591 1709 734 1760 alter
786 1707 846 1760 in
898 1709 1248 1761 matrimonio
1310 1709 1491 1776 possit
1542 1710 1811 1779 accipere.
1882 1710 2001 1764 Hoc
2056 1729 2126 1764 ne
2176 1709 2275 1765 fiat
2323 1711 2503 1766 modis

287 1798 552 1851 omnibus
587 1796 934 1864 inhibemus3
974 1797 1104 1864 quia
1135 1797 1231 1850 illa
1266 1797 1600 1864 benedictio,
1640 1814 1806 1865 quam
1840 1803 2051 1866 nuptae
2088 1789 2357 1854 Sacerdos
2392 1799 2493 1852 im-

286 1887 452 1958 ponit
487 1887 638 1956 apud
670 1885 889 1952 fi'deleS,
945 1885 1230 1939 cuiusdam
1254 1886 1534 1954 sacrilegii
1571 1886 1751 1940 instar
1786 1891 1873 1939 est
1891 1927 1904 1953 ,
1956 1887 2005 1940 si
2038 1887 2153 1940 ulla
2189 1892 2500 1957 transgres-

229 2000 236 2008 ¹
289 1980 448 2033 sione
488 1979 748 2033 violetur.

464 2149 976 2226 *EPISOOPIQ
1036 2150 1519 2218 MONAQHIS,
1581 2150 2124 2206 VIRGINIBUS.

263 2271 414 2336 LII.
502 2273 675 2336 Item
718 2271 1030 2354 eiusdem,
1073 2280 1146 2335 ut
1187 2271 1482 2335 monachi
1529 2279 1594 2334 et
1641 2271 1931 2357 virgines
1978 2291 2165 2336 suum
2210 2270 2503 2356 proposi-

107 2381 238 2435 tum
283 2371 678 2436 omnimodis
731 2374 1096 2437 observent.

370 2509 531 2564 Siric.
569 2525 615 2562 c.
653 2498 703 2562 6'.
753 2507 1050 2560 Praeterea
1105 2507 1511 2561 Monachorum
1558 2507 1824 2574 quosdam
1882 2511 2049 2577 atque
2088 2507 2501 2574 Monacharum,

297 2597 522 2650 abiecto
572 2595 861 2664 proposito
916 2594 1230 2647 sanctitatis
1250 2634 1263 2661 ,
1320 2595 1378 2648 in
1413 2599 1635 2648 tantum
1674 2596 2003 2662 protestaris
2054 2595 2335 2648 demersos
2384 2611 2503 2648 esse

297 2682 600 2748 lasciviam,
642 2686 706 2734 ut
738 2681 894 2749 prius
931 2681 1210 2748 clancule,
1238 2683 1391 2752 velut
1424 2683 1526 2735 sub
1566 2682 2028 2735 monasteriorum
2062 2685 2376 2750 praetextu,
2418 2680 2499 2733 in-

299 2770 455 2824 licita
510 2785 578 2822 ac
612 2768 881 2836 sacrilega
933 2785 991 2820 se
1027 2768 1360 2836 contagione
1406 2769 1733 2826 miscuerint
1757 2809 1770 2836 ,
1830 2772 2024 2837 postea
2070 2785 2204 2822 vero
2245 2768 2305 2820 in
2340 2768 2505 2821 abru-
2603 2772 2608 2777 '

299 2860 462 2925 ptum
497 2853 873 2908 conscientiae
935 2853 1320 2923 desperatione
1365 2855 1661 2923 perducti,
1718 2855 1785 2908 de
1842 2854 2073 2909 inlicitis
2126 2854 2506 2923 complexibus

299 2945 476 2999 libere
511 2941 659 2995 filios
691 2941 1066 3009 procrearint:
1121 2942 1272 3008 quod
1303 2947 1361 2996 et
1395 2942 1653 3008 publicae
1687 2943 1841 3010 leges
1878 2946 1935 2995 et
1975 2942 2350 2996 ecclesiastica
2382 2941 2505 2994 iura

307 3029 695 3083 condemnant.
767 3028 892 3081 Has·
928 3029 1104 3097 igitur
1152 3029 1458 3097 impudicas
1500 3029 1989 3097 detestabilesque·
2012 3045 2281 3097 personas
2322 3045 2355 3081 a
2389 3044 2505 3080 mo-

306 3117 680 3171 nasteriorum
716 3120 882 3169 coetu
903 3115 1387 3184 Ecclesiarumque
1423 3117 1787 3170 conventibus
1811 3116 2173 3173 eliminandas
2210 3132 2329 3169 esse
2356 3132 2507 3168 man-
2592 3131 2599 3136 ·

303 3207 529 3260 damus:
585 3209 859 3274 quatenus
895 3209 1146 3258 retrusae
1182 3205 1242 3258 in
1279 3205 1390 3258 suis
1428 3205 1727 3274 ergastulis
1748 3245 1761 3270 ‚
1818 3209 2037 3258 tantum
2078 3203 2291 3260 facinus
2324 3203 2508 3258 conti-

303 3312 412 3348 nua
451 3293 851 3358 lamentatione
871 3290 1154 3345 deflentes
1170 3331 1183 3357 ,
1237 3291 1620 3360 purificatorio
1669 3291 1889 3360 possint
1944 3290 2319 3364 poenitudinis
2376 3290 2505 3359 igne

304 3382 636 3451 decoquere,
670 3384 736 3434 ut
769 3381 856 3432 eis
886 3380 976 3432 vel
1010 3379 1082 3432 ad
1111 3386 1349 3433 mortem
1380 3381 1593 3445 saltem,
1632 3379 1801 3432 solius
1824 3377 2241 3432 misericordiae
2278 3377 2505 3444 intuitu,

303 3487 404 3538 per
437 3467 838 3524 communionis
877 3467 1116 3536 gratiam
1149 3467 1329 3535 possit
1360 3467 1707 3544 indulgentia
1748 3467 2059 3521 subvenire.

1111 3639 1517 3695 OMNIBUS.

275 3765 450 3832 LIII.
539 3765 622 3829 In
685 3761 1111 3828 decretalibus
1157 3761 1497 3827 Innocenti
1554 3746 1797 3848 papae,
1863 3769 1934 3822 ut
1988 3781 2120 3846 pax
2179 3757 2367 3820 detur
2427 3756 2506 3818 ab

125 3866 425 3949 omnibus,
473 3864 786 3930 confectis
835 3861 1076 3928 Christi
1121 3862 1553 3928 sacramentis

397 3993 687 4046 Innocent.
741 4007 862 4059 cap.
900 3991 949 4044 1.
1023 3989 1227 4042 Pacem
1280 3988 1454 4057 igitur
1496 3986 1696 4040 asseris
1748 3989 1877 4039 ante
1934 3983 2189 4038 confecta
2244 3979 2507 4047 mysteria

309 4081 574 4149 quosdam
606 4079 830 4148 populis
869 4077 1144 4146 imperare
1165 4116 1178 4142 ,
1231 4076 1322 4128 vel
1371 4075 1478 4138 sibi
1513 4075 1662 4128 inter
1694 4073 2022 4128 Sacerdotes
2058 4070 2318 4134 tradere,
2380 4084 2507 4121 cum

309 4176 436 4238 post
469 4167 685 4233 omnia,
737 4181 878 4234 quae
923 4163 1141 4233 aperire
1180 4181 1294 4216 non
1335 4164 1543 4231 debeo,
1588 4179 1699 4232 pax
1733 4161 1807 4215 sit
1841 4157 2154 4213 necessario
2191 4155 2503 4224 indicenda,

309 4273 408 4325 per
443 4273 610 4325 quam
647 4257 868 4308 constet
911 4253 1176 4321 populum
1225 4251 1298 4304 ad
1333 4251 1519 4304 omnia
1560 4267 1699 4319 quae
1740 4248 1799 4302 in
1834 4245 2111 4314 mysteriis
2148 4247 2389 4312 aguntur
2428 4248 2509 4296 at-

313 4362 415 4412 que
469 4346 528 4398 in
561 4343 822 4397 Ecclesia
877 4342 1228 4395 celebrantur
1275 4339 1597 4409 praebuisse
1638 4353 1998 4400 consensum,
2055 4349 2119 4385 ac
2175 4329 2333 4384 finita
2388 4348 2506 4384 esse

315 4433 462 4500 pacis
497 4428 881 4489 concludentis
921 4427 1208 4497 signaculo
1245 4427 1713 4480 demonstrentur.

193 4517 353 4563 Walter·
381 4520 550 4565 Fontes
582 4522 703 4564 iuris
741 4519 1067 4562 ecclesiastici.
1496 4523 1500 4526 ·
2079 4510 2114 4562 5
