2959 4984
408 319 480 374 94
775 320 918 370 xm.
991 316 1476 371 CONCORDATA
1516 316 2135 372 CONSTANTOENSIA
2179 320 2237 371 A.
2284 316 2438 373 1418.

407 500 474 555 et
511 488 840 555 Ecclesiae
900 490 1297 576 parochiales
1343 489 1507 554 nulli
1547 487 1877 570 Praelato,
1954 487 2148 553 etiam
2192 486 2521 554 Oardinali
2566 486 2807 551 dentur

404 592 472 657 in
520 590 1023 673 Commendam3
1093 590 1276 655 datae
1341 600 1557 655 autem
1618 598 1684 653 et
1740 588 1869 652 dati
1920 610 2112 673 quam
2154 589 2434 677 primum
2478 608 2807 651 commen—

407 690 666 756 datariis
709 691 852 755 loco
897 690 1154 756 illarum
1187 690 1267 755 de
1311 689 1743 775 aequivalenti
1780 688 2258 777 providebitur3
2300 697 2449 776 post
2471 686 2810 774 pacificam

406 792 886 879 possessionem
929 790 1231 879 adeptam
1269 790 1414 855 illas
1453 789 1794 854 dimittant.
1844 787 1992 854 Una
2030 789 2221 854 etiam
2248 788 2541 854 Ecclesia
2570 797 2808 853 metro-

404 890 690 977 politana
751 891 861 955 uni
909 888 1236 956 Cardinali
1279 891 1386 953 vel
1431 889 1839 967 Patriarchae
1888 888 2156 953 concedi
2203 890 2445 978 poterit
2490 892 2809 979 provisio-

403 1009 556 1053 nem
597 990 1025 1055 sufficientem
1073 1013 1204 1055 non
1250 989 1536 1056 habenti,

565 1191 685 1257 VI.
767 1188 868 1256 De
912 1190 1211 1256 Simom'a
1265 1194 1334 1255 in
1364 1187 1535 1276 foro
1575 1192 2011 1255 eonscientiae
2046 1190 2434 1275 providetur
2478 1204 2555 1255 ut
2594 1194 2808 1278 sequi-

404 1306 527 1381 tur.
569 1291 666 1360 Ut
705 1299 940 1375 autem,
982 1291 1384 1357 considerata
1427 1291 1665 1356 malitia
1704 1290 2065 1375 aliquorum
2104 1300 2471 1379 temporum
2500 1293 2803 1380 proxime

401 1394 900 1481 praeteritorum
924 1443 944 1475 ,
1010 1393 1238 1477 quibus
1281 1393 1461 1458 labes
1523 1392 1893 1477 symoniaca
1946 1401 2075 1457 tam
2119 1393 2186 1457 in
2228 1392 2561 1458 ordinibus
2603 1416 2804 1479 quam

399 1493 469 1558 in
511 1493 844 1559 beneficiis
909 1492 1356 1558 ecclesiasticis
1412 1502 1565 1557 tunc
1630 1491 2042 1571 conferendis
2102 1501 2169 1556 et
2230 1492 2674 1580 percipiendis
2736 1519 2808 1559 ac

395 1593 822 1679 religionibus
867 1594 1314 1680 ingrediendis
1358 1594 1480 1659 fuit
1522 1595 1653 1659 heu
1691 1593 1959 1658 nimium
2000 1594 2441 1677 frequentata,
2486 1595 2689 1660 laesis
2738 1597 2805 1660 in

397 1694 524 1759 hoc
583 1695 992 1761 conscientiis
1049 1698 1132 1761 ad
1191 1695 1715 1783 pernitiosiorem
1776 1693 2395 1759 administrationem
2451 1704 2515 1759 et
2572 1716 2803 1782 perce-

400 1796 687 1883 ptionem
734 1818 1064 1862 sacrorum
1107 1795 1722 1879 ecclesiasticorum,
1762 1795 2107 1861 salubriter
2155 1795 2556 1876 consulatur,
2597 1796 2804 1859 omni-

399 1898 518 1961 bus
568 1906 632 1961 et
675 1896 950 1983 singulis
995 1896 1380 1961 Patriarchis
1405 1946 1425 1980 ,
1486 1894 2012 1983 Archiepiscopis
2032 1944 2051 1977 ‚
2098 1893 2437 1983 Episcopis
2461 1944 2481 1977 ,
2530 1894 2803 1961 Abbati-

404 1998 545 2078 buS,
591 1996 974 2078 Abbatissis,
1020 1997 1418 2081 caeterisque
1461 1996 1808 2078 Praelatis,
1866 2017 1991 2060 nec
2038 2018 2169 2059 non
2216 1994 2487 2061 Clericis
2514 2019 2605 2062 «ac
2652 2018 2801 2084 per—

398 2095 574 2160 sonis
619 2096 1066 2163 ecclesiasticis
1084 2147 1104 2179 ,
1150 2097 1474 2183 religiosis
1522 2106 1589 2161 et
1632 2096 2014 2162 secularium
2056 2094 2389 2180 utriusque
2433 2116 2671 2161 sexus:
2729 2106 2804 2161 ut

392 2196 716 2283 quaelibet
765 2218 989 2262 eorum
1029 2198 1197 2262 infra
1237 2208 1370 2262 tres
1416 2219 1673 2262 menses
1718 2206 1867 2285 post
1910 2196 2433 2283 publicationem,
2478 2207 2587 2261 aut
2634 2197 2792 2261 insi-

389 2297 760 2363 nuationem
804 2298 1241 2385 praesentium
1283 2298 1426 2380 sibi,
1472 2308 1583 2365 aut
1626 2297 1695 2362 in
1738 2296 2039 2378 dioecesi,
2088 2296 2198 2361 ubi
2243 2296 2639 2368 domicilium
2682 2297 2795 2361 ha-

394 2398 647 2482 buerit,
713 2398 979 2480 factam,
1019 2398 1303 2484 aliquem
1346 2398 1415 2463 in
1461 2422 1641 2463 sacra
1675 2396 1924 2483 Pagina
1942 2446 1961 2479 ,
2003 2396 2112 2460 vel
2154 2396 2222 2461 in
2262 2396 2414 2462 Iure
2461 2394 2793 2463 Canonico

391 2495 745 2563 Doctorem
785 2498 894 2562 vel
933 2498 1360 2564 Licentiatum
1407 2498 1515 2563 vel
1550 2496 2033 2565 Baccalaurium
2072 2496 2438 2578 formatum,
2488 2497 2601 2563 ubi
2644 2498 2795 2563 talis

386 2607 603 2687 potest
649 2597 986 2663 commode
1026 2598 1339 2685 reperiri,
1410 2598 1517 2663 vel
1560 2596 1671 2663 ubi
1716 2597 1859 2660 talis
1908 2619 2039 2661 non
2084 2594 2483 2683 reperiretur
2514 2646 2533 2679 ,
2596 2596 2797 2661 lecto-

389 2718 530 2763 rem
573 2706 683 2764 aut
727 2697 882 2763 alias
924 2697 1402 2783 intelligentem
1445 2696 1850 2763 sacerdotem
1890 2694 2239 2760 discretum
2264 2745 2283 2778 ,
2326 2720 2399 2761 ac
2441 2698 2651 2765 bonae
2695 2698 2784 2761 fa-

385 2818 526 2861 mae
549 2844 568 2877 ,
613 2803 901 2860 curatum
938 2797 1047 2861 vel
1085 2820 1216 2861 non
1256 2808 1546 2863 curatum
1594 2796 1841 2883 eligere
1888 2796 2101 2860 valeat
2144 2796 2625 2879 confessorem,
2671 2799 2779 2882 qui

384 2896 551 2959 infra
587 2896 990 2983 praedictum
1033 2907 1306 2984 tempuS,
1353 2896 1730 2983 quantocius
1770 2896 2109 2961 commode
2156 2894 2298 2960 fieri
2340 2897 2598 2984 poterit,
2648 2897 2787 2962 eius

387 2994 789 3060 confessione
833 2996 1050 3061 audita
1088 2996 1293 3083 ipsam
1354 3019 1700 3085 personam
1766 2996 2182 3061 confitentem
2226 3020 2264 3059 a
2314 2996 2443 3063 suis
2506 2999 2789 3083 peccatis

385 3103 452 3157 et
515 3120 552 3159 a
608 3094 1095 3181 quibuscunque
1140 3097 1874 3162 excommunicationum
1930 3096 2430 3183 suspensionum
2478 3105 2544 3161 et
2585 3098 2785 3162 inter-

387 3193 539 3259 dicti
577 3194 848 3280 aliisque
893 3196 1248 3280 sententiis,
1295 3198 1581 3261 censuris
1634 3206 1825 3282 atque
1869 3196 2115 3284 poenis„
2171 3218 2329 3281 quas
2365 3196 2583 3261 forsan
2630 3219 2782 3284 pro·

387 3303 535 3383 pter
578 3294 1012 3379 symoniacam
1053 3297 1122 3361 in
1162 3296 1390 3361 ordine
1439 3296 1550 3362 vel
1590 3296 1909 3361 beneficio
1956 3294 2785 3383 ecclesiastice,‘religionis

382 3395 705 3481 ingressU,
750 3404 860 3459 aut
897 3395 1052 3461 alias
1099 3396 1630 3482 qualitercunque
1674 3396 1879 3461 active
1920 3396 2031 3461 vel
2064 3394 2337 3483 passive,
2378 3396 2783 3461 commissam

383 3514 590 3579 usque
635 3493 716 3558 ad
763 3504 1014 3585 tempus
1058 3494 1512 3586 publicationis
1557 3493 1925 3584 praedictae
1970 3495 2371 3583 dignoscitur
2411 3496 2779 3580 incurrisse,

375 3595 446 3659 in
486 3594 627 3659 foro
677 3596 1106 3663 conscientiae
1159 3596 1470 3663 duntaxat
1524 3598 1898 3679 absolvere;
1958 3618 2081 3663 nec
2111 3594 2273 3662 *non
2316 3618 2534 3663 secum
2580 3617 2781 3685 super

375 3695 854 3783 irregularitate
911 3718 1030 3785 pro
1096 3718 1172 3763 eo
1220 3697 1392 3784 quod
1445 3697 1817 3763 huiusmodi
1864 3697 2197 3765 sententiis
2239 3706 2351 3762 aut
2394 3719 2614 3763 earum
2666 3696 2777 3762 ali-

381 3818 506 3881 qua
563 3795 766 3883 ligata
816 3796 1035 3861 forsan
1076 3798 1302 3863 missas
1360 3798 1469 3863 vel
1510 3798 1635 3863 alia
1690 3797 1907 3864 divina
1948 3798 2159 3863 officia
2206 3796 2604 3880 celebrasse,
2671 3808 2783 3863 aut

374 3918 446 3961 se
485 3896 615 3963 illis
656 3896 1078 3962 immiscuisse
1124 3898 1510 3981 censebitur,
1555 3908 1761 3983 usque
1795 3899 1878 3963 ad
1915 3908 2167 3986 tempus
2199 3888 2603 3987 praedictum
2626 3920 2777 3963 eon-

373 4006 614 4079 tracta,
682 3997 948 4085 ipsaque
994 4008 1263 4087 propter
1321 3999 1675 4087 praemissa
1721 4007 1831 4063 aut
1862 4021 2097 4086 eorum
2142 3992 2405 4083 aliquod
2454 4022 2492 4061 a
2532 3996 2629 4062 sui
2674 4020 2777 4063 or-

379 4096 548 4161 dinis
609 4097 719 4161 vel
774 4097 969 4162 officii
1031 4098 1414 4163 executione
1457 4087 1802 4187 suspensa,
1864 4099 2039 4186 quod
2079 4100 2148 4164 in
2188 4096 2319 4162 illis
2357 4095 2779 4161 nihilominus

373 4197 736 4263 ministrare
780 4199 892 4263 illa
935 4220 1246 4265 exercere
1291 4208 1356 4263 et
1403 4199 1641 4287 adepta
1684 4199 2031 4282 beneficia,
2107 4198 2214 4265 vel
2258 4206 2491 4277 statum
2526 4196 2595 4260 in
2646 4217 2775 4281 quo

373 4305 472 4361 est
513 4297 816 4380 retinere,
865 4311 930 4363 et
971 4298 1054 4363 ad
1097 4297 1408 4363 ulteriora
1447 4300 1821 4387 promoveri
1863 4300 2101 4388 possit,
2148 4300 2218 4365 in
2260 4298 2431 4365 dicto
2475 4298 2620 4373 foro
2666 4320 2774 4361 va-

374 4398 506 4461 leat
551 4395 964 4483 dispensare3
1013 4422 1088 4463 ac
1132 4398 1346 4463 eidem
1387 4398 1722 4482 beneficia,
1769 4422 1933 4485 quae
1983 4401 2249 4481 obtinet,
2293 4402 2375 4465 ob
2416 4400 2541 4465 hoc
2583 4374 2773 4463 forsi-

373 4505 485 4560 tan
525 4494 818 4558 vacantia
857 4497 966 4560 vel
1005 4506 1306 4561 vacatura
1327 4546 1346 4579 ,
1397 4498 1448 4562 si
1494 4506 1562 4562 et
1604 4507 1947 4587 postquam
1992 4498 2331 4583 dimiserit,
2372 4498 2719 4565 reconfen
2722 4520 2780 4583 e,
