2959 4984
687 245 895 324 xc1v.'
952 272 1298 326 enneosn
1337 272 1477 324 xvr
1519 271 1830 325 minam
1868 273 1930 323 A.
1967 268 2124 324 1846.
2487 265 2593 320 599

192 437 565 526 Episcopos
608 433 818 499 literis
874 433 1009 499 sive
1072 432 1602 500 instructionibus
1651 443 1761 498 aut
1802 435 1940 518 ejus
2000 442 2112 500 aut
2154 441 2376 502 nostro
2411 435 2598 519 jussu

193 536 394 604 editis
442 533 863 620 consignatae
910 533 1110 600 fuisse
1156 533 1495 619 cognoscis
1539 533 1709 597 Ven.
1752 534 2010 600 Frater.
2107 532 2250 598 Nec
2292 555 2448 598 vero
2494 553 2593 598 re-

192 638 365 719 fert,
408 634 462 700 si
504 633 589 698 ad
634 634 980 698 nonnullos
1028 641 1281 698 tantum
1320 633 1671 700 Antistites
1692 683 1712 718 ,
1777 631 1890 717 qui
1929 633 2096 705 hanc
2141 632 2594 720 Apostolicam

196 735 450 803 Sedem
492 734 997 818 consuluerant,
1040 733 1193 798 illae
1236 733 1696 799 instructiones
1738 733 1926 798 datae
1971 741 2161 814 sunt,
2227 733 2408 817 quasi
2451 732 2594 799 aliis

189 836 479 903 liberum
521 834 605 900 sit
647 833 908 898 illarum
964 855 1097 898 non
1156 833 1341 918 sequi
1389 833 1796 899 sententiam.
1877 831 2227 898 Enimvero
2279 853 2413 899 non
2455 832 2590 918 agi-

193 945 301 1000 tur
347 935 455 1000 hic
500 934 583 999 de
616 934 831 1019 aliqua
872 955 1043 999 nova
1082 933 1239 1019 lege
1278 957 1317 998 a
1352 941 1577 998 nostro
1625 932 2132 1021 praedecessore
2176 939 2289 996 aut
2331 956 2368 996 a
2405 931 2592 998 nobis

195 1035 462 1100 inducta
487 1083 506 1116 ,
567 1055 767 1118 quum
810 1042 1088 1118 uterque
1128 1041 1423 1098 nostrum
1472 1054 1551 1098 eo
1617 1032 1828 1121 potius
1875 1032 2300 1121 spectaverit,
2356 1040 2429 1096 ut
2474 1053 2595 1120 pro

197 1134 495 1200 locorum
538 1133 857 1218 adjunctis
920 1133 1379 1214 emolliremus,
1441 1133 1658 1217 quoad
1700 1131 1846 1198 fieri
1885 1140 2106 1220 posset
2130 1182 2150 1215 ,
2209 1131 2596 1218 disciplinae

197 1233 615 1300 severitatem
676 1243 741 1298 et
808 1255 885 1298 ea
926 1233 1121 1298 simul
1166 1233 1682 1316 inculcaremus,
1747 1253 1911 1316 quae
1952 1230 2168 1318 pravis
2210 1231 2432 1296 usibus
2475 1229 2596 1295 tol-

197 1334 415 1402 lendis
463 1356 656 1400 sanae
704 1333 1037 1398 doctrinae
1083 1331 1381 1419 deposito
1436 1330 1858 1397 custodiendo
1905 1353 1979 1394 ac
2019 1330 2410 1396 matrimonii
2453 1354 2594 1396 san-

198 1434 411 1499 ctitati
426 1484 445 1518 ,
506 1432 883 1500 Catholicae
924 1431 1292 1520 Religionis
1352 1431 1823 1513 incolumitati,
1887 1439 1956 1494 et
1998 1431 2358 1496 animarum
2401 1431 2596 1496 saluti

196 1535 485 1602 tuendae
540 1535 911 1600 necessaria
948 1533 1401 1620 judicavimus.
1491 1531 1721 1616 Itaque
1783 1530 2034 1596 etiamsi
2096 1531 2326 1596 literae
2399 1542 2463 1596 et
2503 1533 2598 1596 in-

198 1635 591 1700 structiones
633 1635 786 1698 illa'e
807 1685 827 1718 ,
898 1633 967 1698 in
1012 1655 1137 1718 qua
1180 1641 1367 1720 parte
1411 1629 1660 1716 aliquid
1705 1631 1858 1696 novi
1897 1630 2245 1715 indulgent
2284 1631 2395 1696 vel
2435 1631 2596 1697 tole-

198 1743 369 1816 rant,
410 1734 492 1799 ad
532 1756 609 1800 ea
649 1741 898 1798 tantum
938 1733 1309 1798 referuntur
1347 1733 1512 1815 loca,
1559 1753 1679 1820 pro
1725 1731 1958 1816 quibus
1999 1730 2188 1796 datae
2230 1739 2414 1814 sunt,
2455 1731 2597 1796 nul-

197 1833 281 1900 lis
325 1845 545 1900 tamen
585 1833 901 1900 limitibus
958 1833 1221 1898 illarum
1280 1831 1830 1897 circumscribitur
1869 1830 2032 1895 ratio
2063 1883 2084 1916 ,
2145 1841 2462 1916 quatenus
2505 1831 2599 1896 in-

202 1933 731 2002 commutabilem
776 1932 1168 2000 annunciant
1212 1931 1550 1998 Ecclesiae
1596 1931 1982 2016 doctrinam,
2021 1953 2472 2018 canonumque
2511 1929 2602 1995 in-

202 2036 466 2102 culcant
502 2035 909 2118 sententiam,
952 2043 1019 2100 et
1062 2055 1319 2121 pravos,
1362 2031 1473 2116 qui
1515 2031 1754 2096 alicubi
1793 2031 2216 2113 invalescant,
2257 2053 2413 2096 usus
2455 2053 2604 2120 pro·

203 2136 519 2200 scribunt.
561 2136 785 2221 Atque
826 2136 957 2200 huc
994 2133 1342 2223 pertinent,
1388 2153 1554 2217 quae
1597 2131 1722 2196 hac
1769 2132 1851 2197 de
1895 2154 1968 2198 re
2009 2153 2048 2196 a
2089 2131 2274 2196 nobis
2317 2130 2603 2196 indicata

201 2235 446 2301 fuerint
506 2235 575 2300 in
624 2236 919 2324 pluribus
959 2233 1492 2300 Allocutionibus
1567 2232 1650 2296 ad
1691 2231 1862 2296 Ven.
1909 2230 2172 2296 Fratres
2228 2240 2482 2296 nostros
2527 2228 2599 2296 S.

204 2331 282 2402 R‘.
332 2336 408 2402 Ε.
458 2336 843 2405 Cardinales
906 2337 975 2401 in
1023 2333 1425 2401 Consistorio
1463 2332 1586 2397 IV.
1628 2331 1728 2396 Id.
1769 2331 1932 2396 Dec.
1977 2331 2162 2413 1837,
2207 2329 2374 2396 Idib.
2417 2328 2602 2418 Sept.

206 2435 390 2519 1838,
438 2446 503 2502 et
543 2435 861 2524 postridie
901 2434 1073 2502 Non.
1116 2433 1283 2502 Julii
1327 2433 1492 2498 1839
1533 2431 1806 2516 habitis,
1853 2453 2012 2518 quas
2055 2431 2272 2495 statim
2321 2430 2496 2516 typis
2534 2428 2604 2493 in

200 2536 441 2623 vulgus
504 2536 612 2601 edi
648 2537 977 2623 jussimus.
1083 2534 1267 2600 Haec
1309 2533 1468 2600 Tuis
1525 2530 2063 2598 commemoratis,
2095 2530 2304 2595 literis
2367 2529 2597 2595 rescri-

201 2635 421 2700 benda
466 2636 851 2720 censuimus,
891 2634 1059 2699 Ven.
1105 2633 1378 2715 Frater,
1427 2641 1496 2698 ut
1539 2631 1860 2700 alacriori.
1884 2652 2090 2716 usque
2127 2629 2342 2696 studio
2389 2637 2454 2694 et
2490 2629 2597 2692 fir-

201 2734 427 2800 mitate
470 2757 693 2800 omnes
735 2734 888 2800 boni
932 2733 1213 2822 pastoris
1274 2741 1493 2820 partes
1557 2732 1835 2820 implere
1893 2739 2086 2815 atque
2149 2729 2218 2793 in
2258 2727 2421 2793 tanti
2463 2749 2598 2792 mo-

200 2833 406 2899 menti
459 2833 725 2919 negotio
768 2831 1101 2897 Ecclesiae
1156 2854 1413 2896 causam
1478 2851 1904 2918 propugnare
1955 2851 2198 2918 pergas
2228 2879 2247 2912 ,
2304 2827 2598 2912 nihilque

198 2930 587 2998 intentatum
630 2933 981 3018 relinquaS,
1024 2931 1197 3017 quod
1240 2930 1325 2996 ad
1368 2929 1494 2996 Tui
1535 2930 1764 3016 gregis
1805 2931 2081 2996 salutem
2118 2926 2595 3016 procurandam

198 3031 530 3116 pertinere
567 3053 763 3118 posse
804 3030 1211 3118 cognoveris.
1288 3029 1431 3095 Nos
1485 3030 1751 3115 quidem
1797 3051 1918 3117 pro
1965 3028 2166 3093 officii
2207 3028 2416 3093 nostri
2455 3050 2595 3092 mu-

198 3151 381 3213 nere,
424 3139 735 3214 quantum
778 3153 925 3196 cum
964 3131 1252 3196 Domino
1296 3129 1678 3216 poterimus,
1721 3127 1896 3193 haud
1927 3127 2296 3192 omittemus
2342 3147 2600 3192 omnem

202 3249 473 3316 operam
510 3227 859 3312 adhibere,
920 3239 994 3294 ut
1038 3251 1265 3294 sacrae
1308 3229 1455 3294 istic
1493 3249 1600 3292 res
1641 3227 1790 3292 Deo
1832 3228 2000 3291 bene
2045 3227 2312 3311 juvante
2354 3225 2423 3291 in
2466 3247 2599 3290 me-

199 3325 437 3394 liorem
480 3326 919 3392 conditionem
959 3328 1383 3394 adducantur.
1463 3325 1738 3393 Interim
1778 3347 1937 3391 vero
1979 3325 2134 3390 dum
2173 3322 2320 3390 Tibi
2366 3324 2448 3388 de
2486 3347 2595 3410 pa-

201 3427 423 3492 storali
468 3427 609 3494 Tua
648 3427 1087 3494 sollicitudine
1126 3429 1549 3493 vehementer
1569 3483 1576 3488 .
1585 3426 1988 3514 gratulamur
2001 3475 2022 3509 ,
2083 3433 2343 3489 nostrae
2388 3423 2460 3491 in
2499 3423 2594 3489 Te

199 3527 591 3616 praecipuae
631 3527 1125 3594 benevolentiae
1169 3537 1433 3610 testem,
1493 3551 1570 3594 ac
1617 3525 1994 3592 coelestium
2041 3523 2328 3588 omnium
2371 3544 2595 3588 mune-

199 3648 349 3693 rum
388 3629 719 3716 auspicem
760 3629 1211 3719 Apostolicam
1251 3627 1794 3694 Benedictionem
1836 3648 1922 3692 ex
1964 3623 2192 3689 intimo
2230 3623 2430 3688 corde
2475 3623 2587 3688 de·

201 3739 523 3813 promtam
578 3731 727 3797 Tibi
767 3729 927 3820 ipsi,
987 3730 1155 3796 Ven.
1209 3728 1439 3795 Frater
1458 3776 1479 3811 ‚
1555 3737 1620 3792 et
1667 3727 1963 3793 omnibus
2018 3723 2200 3789 istius
2258 3720 2593 3790 Ecclesiae

204 3829 463 3896 clericis
506 3831 818 3915 laicisque
860 3830 1167 3896 fidelibus
1204 3837 1618 3918 peramanter
1659 3826 2091 3917 impertimur.

369 3931 616 3996 Datum
656 3931 901 3997 Romae
944 3931 1120 4020 apud
1163 3927 1235 3996 S.
1277 3929 1552 3994 Petrum
1597 3929 1703 3995 die
1747 3929 1849 3994 23.
1891 3926 2046 3992 Maii
2093 3924 2273 3990 1846.
