2959 4984
460 320 759 371 xxxvffl.
826 318 1071 371 BULLA
1102 318 1243 371 PRO
1282 317 1530 371 REGNO
1569 315 1970 371 Bonusffloo
2011 318 2073 369 A.
2111 315 2270 371 1821.
2469 317 2576 373 25⁷

154 481 407 569 posito,
446 488 514 545 et
552 502 677 545 sex
696 478 1039 546 Canoniois
1083 478 1315 563 quibus
1352 476 1522 543 illud
1551 476 1924 566 Capitulum
1962 481 2390 569 imposterum
2423 505 2571 549 eon·

158 582 363 647 stabit
379 630 399 663 ,
456 602 534 646 ea
574 580 949 645 reddituum
1018 578 1337 663 quantitas
1382 579 1868 645 conservabitur
1887 630 1907 663 ,
1969 603 2096 665 qua
2135 580 2574 668 Praepositus,

162 692 235 747 et
270 704 399 749 sex
440 680 847 768 Capitulares
902 677 1219 758 Seniores
1266 686 1413 743 actu
1469 678 1790 746 fruuntur.
1869 680 1952 745 In
1995 679 2294 768 Capitulo
2339 682 2574 749 Archi·

160 782 557 870 episcopalis
602 780 932 845 Ecclesiae
980 777 1439 845 Posmniensis
1499 777 1796 844 redditus
1858 780 2190 867 praedicto
2237 781 2432 848 modo
2471 807 2571 849 as-

164 884 601 969 signabuntur
662 882 733 947 in
774 904 987 947 annua
1030 877 1301 945 Summa
1344 902 1465 967 pro
1510 877 1892 967 Praeposito
1951 872 2349 969 thalerorum
2394 882 2572 949 mille

164 983 735 1068 octingentorum,
776 1003 896 1068 pro
946 981 1218 1045 Decano
1264 980 1666 1045 thalerorum
1713 979 1958 1067 pariter
2018 980 2196 1045 mille
2239 982 2576 1067 octingen—

162 1093 380 1147 torum
406 1132 426 1165 ‚
498 1103 619 1170 pro
680 1081 971 1165 quolibet
1030 1102 1115 1145 ex
1176 1080 1428 1145 duobus
1498 1078 1721 1166 primis
1775 1078 2118 1145 Canonicis
2179 1082 2574 1148 thalerorum

162 1183 351 1249 mille
406 1182 767 1250 biscentum
790 1230 815 1264 λ
874 1202 997 1269 pro
1045 1180 1337 1265 quolibet
1396 1200 1486 1247 ex
1526 1188 1798 1263 quatuor
1837 1180 2258 1268 sequentibus
2297 1183 2574 1259 thalero-

162 1306 320 1347 rum-
356 1282 561 1362 mille,
606 1304 727 1369 pro
770 1280 1063 1366 quolibet
1114 1302 1201 1345 ex
1245 1280 1498 1347 duobus
1543 1280 1890 1367 postremis
1937 1281 2333 1347 thalerorum
2375 1285 2576 1351 octin—

164 1392 523 1469 gentorum
536 1430 555 1463 ‚
614 1405 736 1468 pre
782 1381 1075 1466 quolibet
1124 1403 1211 1446 ex
1266 1389 1541 1464 quatuor
1589 1378 1928 1445 Canonieis
1985 1380 2366 1447 Honorariis
2433 1385 2575 1449 tha-

162 1483 463 1547 lerorum
516 1491 807 1563 eentum,
880 1490 944 1553 et
1002 1504 1121 1569 pro
1171 1480 1463 1565 quolibet
1505 1501 1594 1545 ex
1641 1490 1790 1545 oeto
1830 1480 2108 1547 vicariis
2130 1530 2150 1564 ,
2221 1505 2337 1548 seu
2380 1484 2576 1551 Prae-

165 1581 471 1647 bendatis
515 1582 915 1648 thalerorum
955 1582 1343 1647 biscentum.

344 1680 644 1767 (XLVI.)
716 1682 795 1747 In
841 1680 1157 1769 Capitulis
1210 1679 1698 1747 cathedralium
1741 1678 2181 1748 Ecclesiamm
2243 1692 2373 1747 tam
2416 1684 2574 1750 Tre-

166 1783 459 1849 virensis
475 1832 497 1864 ,
543 1804 733 1866 quam
775 1781 1331 1847 Paderbornensis
1374 1803 1498 1869 pro
1541 1779 1922 1867 Praeposito
1967 1781 2366 1849 thalerorum
2401 1784 2582 1851 mille

178 1892 461 1968 quatuor
500 1892 777 1965 eentum,
820 1882 979 1947 item
1020 1904 1139 1970 pro
1168 1882 1438 1947 Deeano
1479 1881 1876 1946 thalerorum
1911 1881 2091 1948 mille
2133 1892 2405 1967 quatuor
2435 1908 2583 1953 cen-

169 1993 335 2064 tum,
382 2005 503 2071 pro
548 1981 840 2067 quolibet
886 2002 974 2047 ex
1016 1981 1269 2047 duobus
1312 1980 1536 2069 primis
1561 1978 1902 2045 Canonicis
1936 1981 2338 2047 thalerorum
2379 1986 2582 2069 mille,

167 2107 295 2172 pro
341 2084 597 2149 duobus
642 2082 1061 2166 sequentibus
1104 2082 1506 2148 thalerorum
1548 2079 2110 2166 'noningentorum
2129 2130 2150 2165 ,
2211 2106 2332 2171 pro
2377 2086 2584 2169 quoli-

168 2187 287 2250 bet
346 2206 435 2248 ex
487 2191 759 2267 quatuor
826 2180 1168 2247 Canonieis
1228 2180 1612 2247 Honor-ariis
1671 2180 2070 2245 thalerorum
2139 2193 2400 2249 eentum
2424 2234 2442 2267 ‚
2517 2196 2586 2252 et

167 2307 293 2373 pro
338 2284 631 2369 quolibet
678 2304 715 2347 e
778 2304 903 2349 sex
944 2282 1221 2347 Vioariis
1239 2330 1257 2364 ‚
1316 2303 1435 2347 seu
1478 2280 1946 2346 Praebendatis
2005 2281 2400 2349 thalerorum
2455 2287 2580 2352 bis-

170 2392 458 2451 eentum.

352 2482 689 2569 (XLVII.)
760 2482 841 2547 In
884 2480 1258 2569 Episcopali
1303 2480 1596 2545 Ecclesia
1637 2479 2133 2545 Monasteriensi
2155 2530 2176 2563 ,
2224 2504 2344 2569 pro
2387 2482 2586 2549 Prae-

182 2584 401 2672 posito
444 2582 841 2650 thalerorum
900 2581 1083 2647 mille
1144 2580 1698 2665 octingentorum,
1749 2602 1848 2670 αα,
1865 2579 2108 2667 pariter
2149 2602 2272 2668 pro
2315 2581 2584 2649 Deeano

179 2684 589 2750 thalerorum
630 2682 810 2747 mille
858 2680 1402 2765 octingentorum,
1448 2702 1571 2767 pro
1615 2680 1906 2765 quolibet
1937 2701 2024 2745 ex
2065 2680 2316 2747 duobus
2360 2682 2586 2771 primis

186 2782 537 2849 Canonicis
575 2782 975 2848 thalerorum
1016 2780 1197 2843 mille
1240 2779 1606 2847 hisoentum
1621 2828 1640 2861 ‚
1685 2802 1806 2868 pro
1853 2780 2146 2865 quolibet
2187 2802 2273 2845 ex
2313 2804 2588 2867 sequen-

180 2884 357 2953 tibus
406 2889 699 2966 quatuor,
745 2880 1149 2945 thalerorum
1191 2878 1392 2961 mille,
1437 2900 1557 2966 pro
1599 2878 1892 2964 quolibet
1923 2898 2008 2941 ex
2042 2878 2295 2945 duobus
2337 2892 2587 2970 postre-

182 2984 307 3048 mis
354 2982 753 3047 thalerorum
800 2979 1354 3065 octingentorum,
1421 3000 1541 3065 pro
1588 2978 1880 3063 quolibet
1933 3001 2020 3043 ex
2063 2989 2336 3063 quatuor
2379 2981 2587 3050 Cano·

184 3084 349 3149 uicis
398 3079 775 3149 Honoratiis
840 3080 1237 3145 thalerorum
1274 3088 1532 3145 centum
1552 3127 1573 3161 ,
1645 3088 1710 3143 et
1767 3102 1886 3165 pro
1953 3080 2242 3164 quolibet
2299 3104 2386 3147 ex
2438 3093 2582 3149 oeto

180 3181 485 3263 VieariiS,
519 3202 641 3245 seu
680 3179 1145 3247 Praebendatis
1188 3179 1592 3246 thalerorum
1633 3178 2014 3244 biseentum.

360 3281 733 3367 (XLVIII.)
776 3280 857 3348 In
897 3278 1189 3347 Ecclesia
1235 3277 1610 3344 Cathedrali
1657 3277 1988 3347 Culmensi
2044 3302 2164 3367 pro
2206 3280 2586 3369 Praeposito

182 3384 588 3449 thalerorum
636 3380 815 3453 mille
857 3379 1239 3461 biscentum,
1284 3374 1441 3443 item
1486 3400 1606 3465 pro
1649 3378 1918 3444 Decano
1964 3378 2364 3449 thale-,rorum
2407 3382 2586 3449 mille

180 3484 571 3564 bisacutam,
612 3504 731 3569 pro
776 3480 985 3568 primo
1032 3476 1357 3545 canonico
1401 3478 1801 3544 thalerorum
1846 3478 2027 3543 mille
2049 3529 2069 3562 ‚
2123 3504 2242 3568 pro
2281 3483 2590 3565 seeundo,

180 3582 587 3649 thalerorum
626 3580 1214 3665 noningentorum,
1279 3600 1400 3665 pro
1448 3578 1742 3662 quolibet
1778 3600 1866 3643 ex
1905 3579 2178 3663 reliquis
2218 3602 2376 3662 sex,
2449 3583 2585 3647 tha-

182 3685 479 3751 lerorum
520 3681 1063 3767 octingentorum,
1103 3700 1220 3767 pro
1270 3679 1564 3763 quolibet
1605 3700 1640 3744 e
1689 3689 1962 3765 quatuor
1987 3679 2326 3747 Canonicis
2365 3684 2588 3749 Hono-

183 3784 377 3849 rariis
419 3782 817 3849 thalentorum
860 3789 1119 3847 centum
1141 3828 1161 3861 ‚
1220 3789 1285 3843 et
1322 3802 1441 3867 pro
1489 3779 1780 3864 quolibet
1823 3802 1860 3845 e
1907 3802 2028 3847 sex
2069 3780 2346 3848 Vicat-iis
2375 3832 2396 3866 ,
2475 3805 2591 3849 seu

186 3882 659 3949 Praebendatis
704 3882 1099 3947 thalerorum
1136 3881 1516 3949 bisceutum.

362 3981 665 4068 (XLIX.)
752 3982 835 4047 In
870 3980 1245 4050 cathedrali
1290 3980 1586 4046 Ecclesia
1625 3980 2188 4063 wratislaviensi,
2232 4002 2352 4068 pro
2395 3980 2591 4046 Prae·

188 4085 403 4172 posito
450 4084 845 4148 thalerorum
886 4080 1190 4164 bismille,
1230 4102 1351 4167 pro
1374 4080 1642 4150 Decano
1691 4081 1986 4148 similiter
2030 4082 2426 4147 thalerorum
2463 4082 2589 4149 bis-

189 4186 413 4266 mille,
491 4206 609 4271 pro
674 4183 884 4271 primo
940 4180 1265 4247 Canonico
1318 4180 1771 4255 Praebendam
1815 4179 2202 4247 scholastici
2261 4181 2588 4250 obtinente

186 4286 591 4351 thalerorum
633 4282 811 4349 mille
856 4282 1381 4367 quingentorum,
1424 4303 1548 4369 pro
1590 4280 1884 4365 quolibet
1927 4302 1962 4344 e
2009 4280 2262 4345 duobus
2313 4302 2588 4365 sequen-

190 4386 363 4451 tibus
408 4382 808 4448 thalerorum
874 4382 1053 4451 mille
1094 4391 1359 4447 eentum
1378 4430 1399 4465 ‚
1462 4404 1587 4468 pro
1631 4382 1924 4465 quolibet
1985 4402 2074 4447 ex
2123 4382 2268 4449 aliis
2313 4392 2588 4471 septem,

190 4484 599 4551 thalerorum
630 4483 848 4565 mille,
886 4504 1009 4571 pro
1028 4483 1345 4567 ,quolibet
1390 4504 1427 4547 e
1468 4502 1592 4547 sex
1638 4479 1980 4550 canonicis
2029 4482 2410 4551 Honorariis
2455 4485 2591 4549 tha-

254 4588 436 4631 Waleer
472 4585 654 4629 Fontes
693 4588 809 4643 turpe
842 4587 1175 4630 ecclesiastici.
2124 4585 2194 4637 17
