2959 4984
371 292 442 345 10
651 290 742 345 iv.
813 288 916 345 ux
951 287 1172 345 Lisso
1210 288 1489 345 amnuo
1522 288 1991 347 semesum
2024 264 2489 347 rounmcun„

1345 452 1603 521 Titulus
1644 454 1770 522 ΙΠ.

723 571 986 637 Relatio
1031 572 1111 637 de
1155 573 1466 639 electione
1510 572 1853 660 Ponti-‘licta
1898 576 1993 641 ad
2030 576 2427 665 Principem.

548 720 712 789 Cum
760 746 890 788 non
933 724 1069 789 sine
1115 724 1370 791 divinae
1416 726 1897 793 misericordiae
1936 738 2097 795 nutu
2140 731 2243 814 sit,
2284 731 2373 795 ita
2411 741 2564 819 post
2598 754 2777 795 mor-

379 832 508 888 tem
577 824 805 889 summi
849 822 1220 911 Pontificis,
1285 826 1352 890 in
1410 826 1600 893 unius
1658 828 2043 896 electionem
2092 831 2377 897 omnium
2422 840 2573 895 vota
2619 854 2777 895 eon-

382 947 663 1007 currere,
709 935 775 989 et
819 926 1163 991 convenire
1207 949 1625 1013 consensum,
1668 937 1741 992 ut
1782 928 1997 995 nullus
2041 930 2301 1020 penitus
2342 930 2775 1015 inveniretur,

372 1024 481 1108 qui
526 1024 772 1090 discors
821 1035 1044 1114 posset
1086 1027 1391 1092 existere.
1461 1026 1918 1093 Necessarium
1958 1040 2075 1115 est,
2118 1040 2192 1095 ut
2234 1030 2648 1096 serenissimo
2698 1055 2780 1095 ae

375 1123 665 1212 piissimo
694 1126 979 1192 Domino
1037 1127 1368 1217 petitionis
1411 1137 1671 1193 nostrae
1713 1128 2096 1195 famulanter
2142 1130 2493 1197 debeamus
2536 1153 2781 1221 preces

375 1224 733 1311 effundere,
780 1250 974 1313 quem
1019 1237 1266 1293 eertum
1310 1237 1428 1312 est,
1475 1238 1541 1293 et
1586 1228 1669 1294 de
1712 1230 2145 1297 subiectorum
2188 1253 2451 1295 suorum
2478 1229 2780 1315 gaudere

389 1327 752 1411 concordia,
799 1336 864 1393 et
908 1329 1261 1392 clementer
1307 1328 1532 1393 unitati
1576 1330 1897 1417 postulata
1940 1330 2320 1397 concedere.

547 1426 851 1495 Obeunte
910 1428 1126 1513 itaque
1181 1428 1617 1507 beatissimae,
1648 1430 2115 1497 recordationis
2161 1430 2339 1519 Papa
2402 1438 2623 1494 nostro
2666 1428 2779 1495 Ill.

378 1532 446 1595 in
499 1530 883 1595 electionem
943 1526 1049 1592 Ill.
1107 1528 1495 1593 venerabilis
1562 1527 1984 1617 Apostolicae
2049 1530 2223 1597 sedis
2286 1526 2782 1613 Archidiaconi,

376 1630 702 1711 omnium,
765 1628 912 1694 Deo
959 1628 1262 1715 volente,
1308 1628 1657 1693 declinavit
1693 1652 2012 1715 assensuS,
2076 1639 2425 1719 propterea
2468 1630 2645 1715 quod
2685 1630 2782 1694 ita

371 1732 450 1796 ab
497 1730 760 1795 ineunte
799 1736 1008 1793 aetate
1053 1738 1310 1795 sanetae
1348 1728 1529 1793 idem
1570 1728 1903 1795 Ecclesiae
1940 1730 2269 1814 militavit,
2324 1739 2518 1814 atque
2564 1730 2657 1795 sie
2704 1752 2781 1794 se

370 1833 439 1896 in
507 1830 802 1895 omnibus
863 1829 1167 1894 sollerter
1226 1828 1561 1913 exhibuit,
1628 1839 1703 1894 ut
1758 1830 2215 1897 Ecclesiastico
2273 1829 2576 1917 regimini
2638 1852 2779 1894 non

372 1930 715 2012 immeritO,
763 1930 980 1994 divina
1023 1930 1418 2015 suffragante
1458 1930 1687 2015 gratia,
1735 1930 1818 1995 sit
1860 1932 2405 2020 praeponendus;
2473 1952 2776 2019 praeser-

372 2035 486 2098 tim
531 2054 676 2097 cum
720 2030 864 2095 talis
907 2029 1062 2094 olim
1102 2028 1299 2094 fuerit
1335 2028 1644 2113 instituti,
1704 2040 1777 2096 ut
1817 2030 2009 2096 etiam
2054 2030 2371 2121 praedicti
2415 2031 2775 2097 beatissimi

369 2134 474 2200 Ill.
515 2131 848 2198 Pontifieis
905 2130 1163 2195 assidua
1207 2130 1695 2197 conversatione
1739 2156 1853 2197 sua
1894 2132 1977 2196 ad
2022 2141 2345 2197 tantorum
2388 2130 2777 2197 meritorum

374 2232 673 2323 insignia,
717 2231 946 2318 quibus
985 2229 1196 2295 isdem
1237 2241 1493 2295 sanetae
1535 2231 1999 2297 reeordationis
2036 2232 2332 2297 Antistes
2373 2231 2572 2296 fuisse
2614 2253 2775 2317 eog-

377 2333 662 2400 noscitur
700 2332 1066 2414 adornatus,
1110 2331 1357 2415 feeerit,
1414 2330 1675 2398 Christo
1704 2331 2067 2417 adiuvante,
2106 2332 2490 2421 profectum,
2525 2339 2600 2395 ut
2626 2352 2777 2395 ver-

375 2418 480 2498 bis
531 2432 664 2497 suis
713 2431 1156 2497 desiderantes
1215 2431 1297 2498 ad
1343 2454 1623 2521 superna
1664 2432 1903 2521 gaudia
1949 2432 2195 2498 animos
2242 2453 2499 2521 semper
2546 2453 2777 2497 aceen-

375 2532 578 2598 derit:
623 2541 734 2615 ut,
798 2531 1113 2617 quidquid
1154 2532 1310 2598 boni
1357 2532 1426 2597 in
1465 2532 1582 2598 illo
1626 2532 1973 2617 amisimus,
2020 2533 2088 2598 in
2131 2533 2260 2598 hoe
2297 2554 2416 2597 nos
2463 2530 2764 2596 invenire

377 2632 886 2700 indubitabiliter
931 2631 1351 2698 confidamus.

539 2732 832 2818 Ideoque
877 2731 1382 2819 lacrymabiliter
1426 2731 1636 2798 cuncti
1679 2732 1903 2797 famuli
1951 2732 2407 2821 supplicamus,
2449 2740 2523 2796 ut
2568 2730 2777 2796 domi-

372 2856 604 2898 norum
643 2832 850 2923 pietas
915 2854 1250 2897 servorum
1309 2855 1573 2898 suorum
1630 2831 2107 2897 obsecrationes
2170 2832 2515 2919 dignanter
2574 2854 2776 2898 exau-

373 2930 539 3015 diat3
587 2940 652 2997 et
696 2955 1001 2997 concessa
1035 2931 1293 3020 pietatis
1337 2954 1490 2997 suae
1532 2932 1835 3015 iussione,
1864 2932 2225 3021 petentium
2267 2931 2610 3017 desideria,
2650 2955 2776 3020 pro

373 3034 677 3098 mercede
718 3032 975 3123 imperii
1018 3033 1139 3115 sui,
1187 3033 1267 3098 ad
1317 3034 1626 3098 effectum
1691 3032 1776 3098 de
1838 3031 2242 3097 ordinatione
2282 3032 2487 3121 ipsius
2528 3031 2778 3120 praeci-

373 3134 508 3223 piat
555 3134 922 3223 pervenire.
1012 3136 1354 3217 Quatenus
1420 3155 1539 3222 per
1598 3156 1814 3199 sacros
1875 3132 2278 3199 Clementiae
2343 3154 2496 3197 suae
2537 3132 2781 3218 apiceS,

377 3236 495 3301 sub
543 3234 811 3299 Pastore
857 3233 1088 3299 eodem
1134 3234 1515 3327 constituti„
1540 3257 1661 3323 pro
1708 3234 1841 3298 vita
1882 3234 2289 3322 imperioque
2334 3231 2781 3299 serenissimo-

373 3359 518 3399 rum
563 3334 968 3400 dominorum
1012 3344 1417 3417 nostrorum,
1463 3334 1973 3422 omnipotentem
2013 3334 2403 3416 Dominum,
2448 3340 2514 3396 et
2555 3334 2779 3397 beato-

374 3460 518 3499 rum
567 3434 1038 3523 Apostolorum
1080 3434 1454 3523 Principem
1475 3484 1496 3516 ,
1573 3434 1752 3499 euius
1794 3432 2126 3501 Ecclesiae
2185 3434 2459 3521 dignum
2497 3433 2785 3499 ordinari

374 3538 876 3622 gubernatorem
919 3534 1234 3618 coneedit,
1278 3532 1523 3621 iugiter
1575 3556 1940 3599 exoremus·

541 3634 1086 3723 Subscriptio
1135 3630 1615 3700 Sacerdotu
1643 3657 1727 3699 m.
1814 3632 1961 3720 Ego
2008 3632 2112 3697 Ill.
2156 3630 2603 3696 misericordia
2652 3630 2785 3695 Dei

372 3738 728 3823 Presbyter
768 3744 1022 3800 sanetae
1068 3732 1401 3800 Ecclesiae
1426 3734 1751 3799 Romanae
1794 3733 1946 3799 huic
1992 3733 2271 3797 decreto
2313 3756 2351 3795 a
2392 3730 2578 3796 nobis
2609 3731 2782 3796 facto

373 3839 442 3902 in
480 3838 585 3903 ΠΙ.
631 3833 1076 3900 venerandum
1119 3834 1669 3899 Archidiaconum
1710 3842 1965 3899 sanetae
2028 3832 2201 3898 sedis
2232 3830 2677 3920 Apostolicae,
2723 3839 2791 3895 et

371 3938 671 4004 Electum
716 3944 1008 4000 nostrum
1055 3934 1462 4000 consentiens
1508 3933 1875 4023 subscripsi.

539 4036 641 4101 Et
687 4034 1241 4126 subscriptio
1310 4034 1782 4101 laieorum:
1884 4032 2030 4119 Ego
2080 4030 2187 4095 Ill.
2230 4028 2488 4119 pietatis
2531 4036 2792 4094 vestrae

379 4159 604 4203 servus
645 4137 798 4201 huic
842 4137 1104 4201 decreto
1149 4160 1187 4199 a
1225 4134 1411 4200 nobis
1457 4136 1628 4199 facto
1684 4134 1752 4197 in
1797 4133 1901 4199 Ill.
1950 4131 2394 4197 venerandum
2438 4130 2782 4195 Archidia-

382 4260 614 4303 conum
659 4246 913 4301 sanctae
955 4235 1130 4302 sedis
1172 4234 1595 4325 Apostolicae
1619 4283 1641 4319 ,
1703 4242 1769 4297 et
1808 4232 2107 4299 Electum
2158 4240 2453 4297 nostrum
2515 4251 2787 4296 eonsen-

377 4338 544 4403 tiens
589 4336 956 4424 subscripsi.
