2959 4984
146 321 345 371 xxvt.
434 316 949 372 EPISGOPORUM
992 321 1309 376 GALMAE
1349 323 1850 378 RETRAGTA'HO
1891 329 1952 377 A.
1997 322 2154 382 16³2.
2455 332 2560 386 133

146 489 289 554 sive
334 485 655 554 adversus
699 483 1143 552 Ecclesiarum
1192 486 1484 554 eiusdem
1529 489 1744 574 Regni
1759 538 1779 570 ‚
1842 511 2444 578 personarumque,
2493 502 2560 558 et

148 591 451 656 locorum
492 585 1151 652 Ecclesiastieorum
1130 609 1292 667 lura,
1332 587 1469 652 sive
1511 588 1666 654 alias
1705 589 1830 654 adv
1833 611 2018 656 ersus
2059 591 2339 658 Romani
2385 592 2556 660 Pon-

146 688 345 754 tificis
362 737 382 769 ,
448 685 873 773 Apostolicae
918 683 1149 767 Sedis,
1215 685 1678 771 Ecclesiaeque
1727 689 2068 756 universae
2111 695 2558 764 auctoritatem

143 797 293 857 acta
308 837 329 871 ,
384 787 612 873 gesta,
674 794 741 850 et
780 785 1147 873 respective
1209 787 1632 874 pronunciata
1685 789 1984 872 fuerunt,
2045 813 2340 878 quaeque
2401 795 2556 862 inde

142 889 762 976 quomodocumque
808 897 1061 970 secuta,
1132 897 1198 952 et
1242 898 1540 954 secutura
1581 879 1770 970 sunt,
1831 889 2016 955 sicuti
2071 913 2157 956 ex
2195 892 2394 958 Brevi
2434 894 2558 960 hac

150 1011 357 1079 super
406 1011 483 1054 re
526 987 701 1052 edito
743 988 1085 1054 manifeste
1124 999 1410 1078 apparet.
1501 989 1674 1072 Quia
1713 1012 1869 1054 vero
1915 991 2112 1056 nullis
2155 993 2560 1062 concluditur

140 1091 387 1158 finibus
432 1088 660 1154 caritas
681 1137 700 1170 ,
772 1109 898 1172 qua
944 1087 1347 1154 Maiestatem
1390 1089 1595 1154 Tuam
1641 1089 1966 1178 complexi
2013 1112 2271 1178 semper
2313 1115 2556 1175 sumus,

140 1200 213 1255 et
254 1188 771 1276 complectimur,
816 1197 1179 1276 susceptam
1218 1213 1255 1252 a
1292 1189 1478 1256 nobis
1513 1211 1829 1276 perquam
1865 1191 2294 1258 necessariam
2331 1192 2561 1260 huius-

137 1289 327 1356 modi
388 1287 931 1355 deliberationem
989 1288 1169 1352 hisee
1230 1289 1377 1356 Tibi
1440 1289 1919 1374 significamus·
1979 1290 2204 1356 Effueo
2255 1315 2404 1360 cum
2441 1317 2552 1408 pa-

138 1390 319 1456 terni
364 1388 585 1454 cordis
628 1387 866 1452 affectu
908 1388 1100 1453 etiam
1160 1396 1351 1472 atque
1410 1389 1604 1454 etiam
1643 1413 1684 1454 a
1725 1389 1820 1454 Te
1862 1390 2264 1476 flagitanteS,
2338 1402 2412 1458 ut
2456 1393 2554 1482 ip·

146 1514 288 1558 sam
328 1489 543 1576 aequi,
591 1487 874 1572 bonique
918 1488 1200 1569 habeas,
1248 1512 1325 1554 ac
1364 1491 1445 1556 ab
1489 1487 1807 1556 universis
1847 1491 2164 1576 praedicti
2201 1493 2418 1580 Regni
2461 1494 2554 1558 tui

142 1589 515 1658 Ordinibus
560 1587 843 1654 fideliter
884 1588 1128 1654 servari
1173 1611 1378 1655 cures.
1462 1586 1638 1656 Sane
1681 1590 1792 1656 ubi
1833 1590 1904 1654 id
1941 1600 2266 1678 praestes,
2330 1615 2549 1678 quem-

136 1690 497 1758 admodum
538 1713 579 1752 a
620 1687 791 1752 Filio
850 1710 967 1752 suo
1008 1689 1447 1775 primogenito
1505 1689 1796 1776 praefata
1844 1687 2090 1772 SedeS,
2147 1699 2214 1756 et
2255 1690 2550 1759 Ecclesia

136 1791 287 1858 iure
334 1788 568 1856 merito
600 1797 1035 1877 exspectant,
1084 1799 1482 1856 constantem
1517 1789 1664 1856 Tibi
1703 1792 1782 1856 ab
1828 1790 1942 1854 illo
1965 1838 1986 1873 ,
2051 1813 2176 1878 per
2220 1813 2418 1874 quem
2447 1813 2550 1858 re-

135 1913 263 1978 ges
303 1897 585 1976 regnant
603 1937 624 1972 ,
681 1889 1115 1955 secundorum
1164 1899 1514 1958 eventuum
1553 1890 1944 1956 faustitatem
1989 1891 2282 1979 polliceri
2323 1893 2552 1978 procul

140 1992 347 2059 dubio
392 1991 675 2079 poteris:
724 1987 879 2054 dum
919 2012 1037 2055 nos
1091 1989 1596 2056 sollicitudinem
1639 1998 1926 2057 nostram
1961 1991 2148 2056 firma
2175 1991 2296 2057 hac
2337 1990 2407 2056 in
2429 2013 2556 2080 spe

138 2115 275 2158 non
322 2113 553 2180 parum
601 2088 890 2156 levantes
933 2089 1253 2156 Maiestati
1300 2091 1477 2156 Tuae
1526 2089 1974 2178 Apostolicam
2013 2091 2557 2166 Benedictionem

140 2191 583 2258 amantissime
626 2191 1051 2278 impertimur.
1135 2191 1377 2254 Datum
1424 2191 1668 2256 Romae
1718 2199 1837 2254 etc.
1887 2189 2014 2273 (30.
2060 2190 2196 2256 Ian.
2241 2190 2452 2272 1691.)

186 2408 447 2474 XXVI.
532 2408 1164 2496 Episcoporum
1228 2419 1308 2472 et
1369 2409 1946 2496 praelatorum
1994 2405 2334 2472 Galliae
2393 2428 2506 2469 re-

971 2508 1373 2572 tractatio
1426 2533 1480 2572 a.
1526 2506 1704 2572 1692.

1023 2656 1407 2722 Beati-ssime
1452 2657 1675 2724 Pater.

316 2790 488 2856 Cum
532 2791 605 2854 in
646 2792 769 2856 hoc
812 2792 1073 2858 tandem
1116 2793 1463 2858 exultantis
1503 2791 1836 2858 Ecclesiae
1879 2790 2202 2868 2felieitate
2244 2790 2546 2876 ingentes

146 2889 501 2958 Christiani
560 2913 782 2956 omnes
848 2901 1157 2979 paternae
1206 2893 1658 2980 providentiae
1701 2890 2075 2958 Sanctitatis
2115 2899 2372 2957 vestrae
2413 2891 2544 2958 frn-

150 3003 289 3058 ctus
333 2991 717 3081 percipiant,
758 2991 1144 3076 facilemque
1185 2994 1253 3056 in
1301 2992 1512 3057 sinum
1558 2991 1958 3058 Clementiae
2005 3001 2256 3056 vestrae
2298 2992 2542 3057 aditum

154 3092 618 3182 experiantur-3
688 3092 853 3156 nihil
919 3092 1214 3157 accidere
1277 3093 1611 3158 molestius
1673 3092 1922 3180 potuit,
2001 3115 2192 3178 quam
2245 3092 2418 3178 quod
2469 3113 2544 3156 eo

148 3217 322 3260 nunc
364 3193 507 3258 loco
546 3215 654 3258 res
696 3201 955 3258 nostrae
1001 3193 1159 3276 sint,
1204 3203 1277 3263 ut
1314 3193 1525 3257 aditus
1565 3193 1636 3257 in
1681 3191 1972 3258 Gratiam
2017 3190 2386 3259 Sanctitatis
2431 3214 2540 3257 ve-

154 3304 325 3360 strae
376 3292 565 3358 nobis
607 3292 913 3357 hactenus
953 3293 1339 3358 interclusus
1377 3293 1694 3358 videatur.
1737 3291 1938 3358 Cuius
1969 3291 2230 3377 quidem
2269 3293 2366 3358 rei
2401 3316 2547 3358 eum
2621 3358 2634 3366 ,

150 3419 295 3462 eam
354 3395 555 3462 fuisse
612 3395 929 3460 rationem
988 3394 1474 3482 perceperimus
1500 3441 1518 3476 ‚
1583 3393 1759 3478 quod
1813 3415 1932 3458 nos
2001 3391 2179 3458 Cleri
2227 3393 2549 3460 Gallicani

156 3495 457 3563 Comitiis
498 3517 665 3559 anno
715 3493 877 3560 1682
919 3493 1181 3560 Parisiis
1225 3493 1493 3577 habitis,
1557 3493 2072 3574 interfuerimus3
2131 3493 2201 3557 id
2250 3493 2418 3558 circo
2463 3492 2546 3557 ad

148 3597 353 3685 pedes
387 3595 819 3660 Beatitudinis
862 3604 1115 3661 vestrae
1158 3594 1486 3682 provoluti
1539 3593 1953 3682 profitemur,
2017 3602 2084 3657 et
2127 3592 2545 3673 declaramUS,

146 3720 269 3763 nos
312 3696 737 3760 vehementer
776 3695 1059 3781 quidem,
1110 3705 1175 3760 et
1217 3713 1412 3782 supra
1450 3694 1521 3758 id
1566 3691 1738 3778 quod
1783 3692 1909 3758 dici
1939 3701 2175 3782 potest,
2216 3713 2302 3756 ex
2347 3691 2542 3757 corde

144 3799 371 3863 dolere
420 3796 507 3861 de
544 3798 741 3862 rebus
778 3795 979 3883 gestis
1050 3796 1119 3860 in
1172 3793 1465 3860 Comitiis
1529 3793 1876 3882 praedictis
1902 3843 1920 3875 ,
1987 3810 2156 3879 ‘quae
2203 3791 2540 3857 Sanctitati

140 3907 397 3963 vestrae
442 3896 711 3982 eiusque
752 3895 1373 3964 Praedecessoribus
1418 3915 1830 3981 summopere
1875 3893 2365 3982 displicuerunt.
2429 3891 2532 3956 Ac

151 3997 429 4086 proinde
494 3996 809 4082 quidquid
876 3996 959 4060 de
1002 3995 1161 4060 'istis
1220 3994 1512 4061 Comitiis
1575 3994 1744 4058 circa
1785 3992 2300 4058 Ecclesiasticam
2362 4000 2542 4080 pote-

148 4105 399 4180 statem,
446 4095 942 4179 etfontificiam
972 4096 1413 4162 auctoritatem
1456 4095 1787 4160 decretum
1831 4093 2080 4159 censeri
2119 4091 2348 4179 potuit,
2400 4089 2540 4156 Pro

149 4196 301 4264 Non
345 4195 629 4261 Dect-eto
674 4193 1037 4276 Habemus,
1087 4210 1148 4261 et
1188 4193 1577 4260 Habendum
1623 4193 1788 4260 Esse
1829 4191 2274 4258 Declaramue.
2367 4188 2545 4275 Quin

148 4299 275 4364 imo
320 4322 360 4362 a
401 4305 621 4376 mente
677 4303 897 4362 nostra
953 4296 1234 4360 alienum
1297 4295 1498 4361 fuisse
1555 4303 1864 4360 testamur
1923 4292 2272 4378 quidquam
2317 4291 2540 4356 decer-

148 4419 301 4464 nere
320 4447 341 4481 ,
388 4406 459 4462 et
499 4395 811 4462 Ecclesiis
854 4396 1199 4484 praedictis
1242 4385 1710 4484 praeiudicium
1752 4393 2031 4459 inferre:
2104 4389 2398 4482 Prompti
2444 4391 2538 4458 in-

154 4521 349 4588 super
386 4498 459 4564 in
506 4497 995 4585 profundissimi
1048 4496 1339 4582 obsequii
1363 4545 1383 4578 ,
1448 4495 1623 4580 quod
1671 4493 2004 4561 Sanctitati
2045 4503 2300 4561 vestrae
2341 4494 2540 4582 profi-
