2959 4984
716 272 832 323 Lv.
905 272 1151 325 BULLA
1187 274 1252 323 D.
1295 271 1380 324 16.
1422 270 1745 325 AUGUSTI
1786 270 1940 326 1821.
2453 274 2559 329 329

144 440 426 520 dituum,
517 454 686 520 quae
745 432 900 498 inde
943 442 1226 520 exurget
1248 484 1268 518 ‚
1333 434 1422 499 ita
1466 458 1503 498 a
1544 435 1837 523 praefato
1879 434 2303 521 Exequutore
2348 436 2557 503 distri-

143 538 412 605 buenda
459 535 603 617 erit,
643 543 721 597 ut
761 532 1088 623 Episcopo
1133 535 1529 599 florenorum
1575 544 1717 600 octo
1761 536 2037 601 millium
2051 584 2073 619 ,
2115 536 2375 603 Vicario
2421 538 2559 603 eius

144 638 470 705 Generali
513 637 913 702 florenorum
953 634 1233 699 bismifle
1279 635 1807 721 quingentorum,
1848 636 2113 703 cuilibet
2156 658 2243 701 ex
2282 658 2403 703 sex
2434 636 2555 705 Ca-

141 738 396 803 nonicis
439 738 840 801 florenorum
877 734 1056 799 mille
1102 735 1657 821 octingentorum3
1705 734 1925 801 Primo
1970 758 2129 801 vero
2166 758 2253 801 ex
2285 747 2557 822 quatuor

143 836 619 903 Praebendatis
665 843 1145 920 nongentorum
1187 836 1607 918 florenorum,
1656 845 1720 901 et
1747 836 2011 902 cuilibet
2051 858 2138 901 ex
2176 836 2319 901 aliis
2356 836 2557 903 tribus

143 939 677 1023 octingentorum
698 936 1095 1000 florenorum
1123 958 1369 999 annuos
1397 934 1691 1000 redditus
1716 935 1957 1003 liberos
1979 939 2350 1025 praebeant.
2377 939 2561 1007 Haec

141 1050 366 1105 tamen
429 1036 768 1125 dispositio
811 1034 1025 1120 quoad
1071 1034 1444 1117 Decanum‚
1509 1034 1903 1118 CanonicOS,
1962 1046 2027 1103 et
2069 1038 2553 1105 Praebendatos

153 1162 348 1204 suum
391 1160 524 1202 non
565 1136 870 1201 sortietur
917 1136 1254 1219 effectum,
1325 1135 1452 1199 nisi
1500 1158 1647 1200 cum
1690 1135 2112 1221 Mogunti'nae
2153 1136 2557 1207 Cathedralis

142 1239 484 1305 Ecclesiae
527 1236 1000 1303 Canonicorum
1047 1257 1353 1299 numerus
1399 1234 1485 1299 ad
1526 1234 1849 1301 senarium
1895 1236 2087 1301 fuerit
2128 1226 2447 1322 redactus,
2488 1240 2558 1305 in

147 1360 350 1424 quem
405 1337 609 1401 finem
657 1335 1062 1400 decernimus
1087 1384 1106 1418 ,
1166 1343 1240 1399 ut
1283 1343 1557 1419 quatuor
1620 1356 1707 1399 ex
1760 1334 1991 1399 decem
2047 1335 2225 1403 illius
2270 1336 2555 1430 Capituli

139 1439 506 1505 actualibus
527 1434 928 1502 Praebendis
973 1434 1186 1523 primo
1231 1434 1817 1520 quomodocunque
1847 1444 2208 1522 vacaturae,
2246 1439 2389 1507 aliis
2421 1464 2553 1507 non

143 1540 588 1619 conferantur,
634 1535 718 1599 ad
758 1534 885 1600 hoc
925 1543 1000 1599 ut
1035 1533 1212 1599 idem
1259 1532 1631 1623 Capitulum
1672 1558 1761 1601 ex
1798 1536 2068 1602 Decano
2090 1586 2111 1621 ,
2158 1548 2223 1603 et
2266 1562 2385 1607 sex
2429 1540 2549 1609 Ca·

143 1638 403 1704 nonicis
449 1638 874 1726 imposterum
923 1643 1190 1699 constet.
1251 1634 1513 1700 Interea
1555 1644 1774 1701 tamen
1819 1636 2047 1701 decem
2090 1638 2382 1706 viventes
2436 1640 2555 1709 Ca-

139 1740 364 1805 nonici
416 1737 683 1803 eosdem
725 1758 968 1801 annuos
995 1735 1290 1800 redditus
1334 1735 1718 1824 percipient,
1764 1759 1924 1822 quos
1964 1746 2113 1803 ante
2156 1740 2443 1806 avulsam
2480 1768 2557 1809 ac

148 1838 458 1929 Spirensi
523 1836 862 1903 Ecclesiae
921 1836 1289 1902 attributam
1347 1836 1715 1924 portionem
1768 1837 2069 1923 antiquae
2133 1838 2555 1927 Moguntinae

141 1938 488 2007 Dioecesis
535 1938 1028 2026 percipiebant,
1101 1937 1340 2023 quique
1395 1946 1545 2025 post
1598 1959 1829 2001 novam
1892 1938 2552 2029 circumscriptionem

135 2040 564 2107 Dioecesium
606 2037 946 2103 Territorii
984 2038 1136 2102 olim
1183 2035 1545 2105 Galliarum
1601 2060 1721 2125 per
1782 2038 1939 2103 alias
1987 2038 2053 2104 N
2057 2050 2261 2107 ostras
2300 2043 2553 2112 Literas

140 2144 261 2208 sub
304 2141 578 2231 plumbo
625 2138 805 2203 datas
850 2138 1040 2203 tertio
1091 2136 1412 2203 Calendas
1448 2136 1837 2204 Decembris
1878 2138 2027 2203 anni
2070 2141 2403 2209 millesimi
2448 2169 2551 2213 00-

141 2239 599 2329 tingentesimi
642 2237 836 2327 primi
880 2246 1179 2302 statutam
1223 2237 1354 2302 illis
1399 2237 1687 2303 attributi
1734 2238 2015 2303 fuerunt.
2076 2242 2311 2323 Quoad
2352 2243 2547 2311 Prae-

132 2342 460 2409 bendatos
510 2348 724 2403 autem
766 2337 834 2404 in
875 2337 1262 2423 Moguntina
1299 2336 1593 2402 Ecclesia
1623 2335 1998 2403 Cathedrali
2039 2348 2183 2404 actu
2227 2364 2361 2407 11011
2404 2344 2540 2409 exi-

136 2451 412 2525 stenteS,
460 2438 763 2525 quoniam
803 2461 1029 2504 eorum
1060 2437 1203 2503 vice
1245 2438 1603 2523 funguntur
1628 2436 2008 2522 Presbyteri
2048 2439 2362 2506 habentes
2398 2443 2547 2509 1011-

135 2544 313 2608 ditus
356 2540 597 2631 partim
632 2537 1058 2604 Praebendae
1105 2558 1192 2603 ex
1239 2537 1454 2603 officio
1473 2536 1778 2627 ,fabricae
1826 2537 2109 2603 minutae
2152 2542 2543 2627 praesentia—

137 2666 288 2709 rum
335 2638 602 2706 nomine
641 2646 1082 2726 nuncupatae,
1148 2638 1384 2727 partim
1424 2636 1847 2725 pensionum,
1916 2659 2081 2723 quae
2122 2664 2161 2704 a
2206 2638 2543 2708 Gubernio

133 2744 486 2809 solvuntur
527 2741 597 2805 111
633 2761 964 2828 praesens,
1005 2739 1160 2804 hinc
1183 2738 1555 2803 huiusmodi
1582 2738 1963 2825 Presbyteri
1996 2738 2176 2805 idem
2212 2741 2545 2809 servitium

141 2864 293 2908 cum
361 2840 550 2907 dictis
605 2839 967 2907 redditibus
1036 2838 1412 2905 Cathedrali
1459 2837 1793 2904 Ecclesiae
1854 2848 2183 2927 praestare
2241 2853 2543 2930 pergent,

135 2944 360 3008 donec
402 2941 479 3006 iis
524 2940 986 3007 decedentibus
1003 2988 1024 3023 ,
1083 2948 1357 3024 quatuor
1409 2962 1603 3027 supra
1660 2948 2052 3005 memoratae
2101 2940 2543 3029 Praebendae,

133 3068 224 3111 ex
271 3066 452 3107 nunc
490 3065 610 3131 pro
651 3051 805 3105 tunc
851 3038 1204 3127 erigendae
1253 3038 1553 3104 constitui
1615 3041 1867 3129 possint
1910 3064 2054 3107 cum
2100 3066 2296 3133 supra
2346 3066 2543 3111 enun-

134 3145 306 3210 ciata
351 3142 682 3209 dotatione
741 3162 1103 3206 annuorum
1166 3140 1564 3204 florenorum
1623 3151 2108 3228 nongentorum
2147 3166 2267 3233 pro
2312 3144 2545 3232 primO,

134 3253 204 3310 et
249 3244 653 3308 florenorum
699 3240 1220 3326 octingentorum
1261 3262 1382 3329 pro
1443 3240 1733 3325 quolibet
1800 3263 1887 3306 ex
1918 3242 2059 3307 aliis
2101 3243 2305 3309 tribus
2348 3244 2545 3311 Prae-

136 3344 473 3412 bendatis.
542 3342 672 3409 Pro
705 3343 1016 3431 Episcopi
1061 3352 1274 3408 autem
1315 3342 1709 3409 habitatione
1752 3344 1982 3409 domus
2027 3345 2141 3410 illa
2184 3369 2331 3411 cum
2372 3346 2544 3413 adia-

132 3454 330 3511 cente
376 3444 568 3507 horte
609 3443 952 3527 inserviet,
1009 3465 1136 3529 qua
1179 3444 1310 3508 huc
1348 3464 1555 3529 usque
1596 3444 1857 3531 gavisus
1926 3445 2081 3529 fuit3
2138 3446 2316 3512 idem
2355 3468 2541 3536 pera-

133 3544 442 3632 gendum
487 3544 612 3608 erit
654 3554 782 3608 tam
826 3567 947 3632 pro
989 3544 1471 3633 praesentibUS,
1520 3567 1709 3630 quam
1751 3569 1871 3633 pro
1908 3547 2141 3611 futuris
2183 3546 2545 3629 Canonicis,

129 3666 260 3735 pro
315 3662 592 3729 quorum
648 3643 1038 3709 habitatione
1103 3645 1232 3709 iam
1291 3644 1654 3731 assignatae
1706 3648 2122 3734 reperiuntur
2160 3644 2389 3709 decem
2432 3644 2544 3710 do-

131 3768 285 3809 mus
306 3793 327 3827 ,
380 3765 647 3829 quarum
693 3754 969 3829 quatuor
1009 3746 1235 3809 hortos
1277 3744 1469 3809 etiam
1515 3746 1756 3811 habent
1796 3745 2185 3811 adiacentes,
2269 3743 2382 3809 Ad
2422 3743 2543 3809 Fa·
2628 3812 2633 3815 .

130 3844 388 3910 bricam
434 3841 840 3909 Cathedralis
895 3844 1228 3911 Ecclesiae
1269 3846 1811 3911 manutenendam
1829 3895 1849 3929 ‚
1904 3855 1970 3911 et
2009 3845 2092 3910 ad
2136 3843 2545 3909 sustinendos

133 3952 439 4033 sumptus
507 3944 590 4009 ad
650 3945 940 4009 divinum
990 3945 1231 4010 cultum
1279 3946 1681 4014 necessarios
1747 3948 2295 4011 conservabuntur
2338 3944 2542 4030 fundi,

130 4044 456 4134 praedia,
517 4045 754 4130 aliique
813 4044 1108 4110 redditus
1173 4070 1211 4109 a
1250 4045 1585 4133 praedicta
1622 4046 1919 4111 Ecclesia
1964 4046 2043 4111 ab
2086 4044 2349 4129 antiquo
2390 4067 2541 4133 pos-

137 4168 325 4212 sessa
345 4195 365 4229 ‚
433 4166 601 4231 quae
663 4147 745 4211 ad
801 4172 1076 4214 annuam
1122 4148 1405 4215 termille
1460 4157 1898 4213 tercentorum
1952 4148 2218 4234 triginta
2262 4148 2545 4233 quinque

135 4246 545 4311 florenorum
582 4268 896 4312 summam
936 4249 1336 4337 pertingunt.
1447 4249 1637 4314 Idem
1683 4248 2081 4336 disponimus
2127 4248 2291 4314 circa
2334 4246 2545 4314 Semi-

132 4344 397 4409 narium
438 4344 937 4431 Dioecesanum‚
977 4348 1172 4434 quod,
1219 4350 1480 4436 praevia
1524 4347 1981 4437 suppressione
2028 4346 2343 4415 Coenobii
2388 4347 2544 4413 olim

132 4472 174 4512 a
217 4444 552 4532 religiosis
595 4445 750 4511 viris
795 4446 1064 4514 Ordinis
1106 4448 1406 4515 Fratrum
1437 4450 1872 4517 Eremitarum
1903 4446 2025 4517 Sti.
2054 4449 2411 4538 Augustini
2449 4449 2544 4515 in-
