2959 4984
405 350 510 405 104
670 350 866 401 XVIII.
939 346 1242 399 EUGENH
1280 346 1371 395 IV.
1409 344 1657 395 BULLA
1690 342 1817 393 DIE
1858 340 1976 392 VH-
2017 338 2219 395 FEBR.
2263 340 2325 390 Δ.
2366 335 2524 427 ῙᾎῚ.

406 518 547 593 „sto
594 518 812 598 patres
854 507 1148 573 dominos
1185 505 1493 570 Iacobum
1538 502 2013 568 Treverensem
2058 510 2123 568 et
2164 504 2647 571 Theodericum
2674 500 2801 568 Go-

412 610 816 691 „loniensem
859 605 1377 693 archiepiscopos
1443 602 1607 667 sacri
1649 602 1923 669 Romani
1984 604 2241 692 imperii
2284 603 2617 693 principes
2670 602 2802 667 ele-

406 718 656 791 „ctores
672 756 692 791 ,
741 727 1094 791 eorumque
1141 704 1465 785 ecclesias,
1508 703 1649 768 iura
1688 712 1759 769 et
1800 703 2101 787 dominia,
2144 727 2232 770 ex
2270 726 2457 769 causa
2498 701 2805 767 neutrali-

411 810 618 890 „tatis,
657 810 766 875 vel
805 808 930 873 alia
967 826 1346 891 quacunque
1390 818 1579 868 causa
1620 804 1943 886 innovata,
1980 804 2347 871 volentibus
2388 802 2547 891 ipsis
2586 803 2657 865 in
2692 802 2805 865 de-

412 910 820 991 „claratione,
859 929 980 996 pro
1019 907 1163 994 ipso
1204 904 1466 969 domino
1506 902 1805 991 Eugenio
1848 904 2161 986 facienda,
2206 928 2351 970 cum
2388 902 2574 990 regia
2608 902 2807 967 maie-

412 1018 615 1091 „state
688 1018 754 1073 et
783 1008 956 1073 aliis
1014 1006 1416 1095 principibus
1486 1005 1875 1069 electoribus
1944 1026 2329 1069 concurrere
2348 1054 2368 1087 ,
2452 1002 2808 1083 revocabit,

413 1108 726 1190 „cassabit
781 1117 848 1173 et
897 1106 1284 1188 annullabit,
1350 1128 1424 1169 ac
1484 1126 1593 1169 eos
1644 1123 1766 1219 per
1824 1127 1967 1168 suas
2008 1103 2255 1168 litteras
2304 1125 2449 1168 cum
2493 1101 2811 1219 ecclesii-s,

413 1207 754 1289 „dominiis
811 1230 888 1273 ac
942 1208 1190 1272 iuribus
1233 1203 1604 1270 huiusmodi
1646 1204 1714 1267 in
1758 1204 2101 1292 pristinum
2143 1194 2376 1268 statum
2420 1212 2699 1291 reponet
2744 1203 2813 1267 in

406 1308 653 1389 „forma
705 1308 1068 1373 necessaria
1123 1316 1188 1371 et
1239 1306 1661 1393 opportuna.“
1755 1302 1896 1369 Nos
1949 1303 2153 1389 igitur
2194 1312 2562 1392 speranteS,
2626 1302 2812 1387 quod

406 1409 532 1472 hoc
569 1407 760 1472 cedet
801 1407 884 1471 ad
929 1416 1162 1471 statum
1191 1404 1545 1486 Ecclesiae,
1588 1424 1815 1491 pacem
1862 1412 1929 1467 et
1968 1402 2497 1487 tranquillitatem
2531 1400 2817 1465 nationis

406 1506 795 1595 praedictae,
837 1506 906 1571 in
939 1507 1396 1594 praefatorum,
1437 1504 1639 1589 regis,
1682 1503 2172 1591 archiepiscopi,
2208 1501 2615 1583 marchioniS,
2654 1500 2817 1565 alio-

413 1627 688 1689 rumque
733 1606 1171 1694 praelatorum
1213 1614 1278 1669 et
1317 1604 1683 1693 principum
1720 1603 1847 1667 hoc
1872 1603 2231 1690 petentium
2260 1600 2819 1690 complacentiam,

413 1715 641 1771 tenore
699 1706 1138 1795 praesentium
1199 1704 1629 1793 promittimus
1684 1705 1855 1768 bona
1910 1702 2079 1784 fide,
2146 1701 2322 1787 quod
2382 1700 2637 1785 quando
2687 1699 2822 1787 ipsi

419 1806 572 1871 olim
614 1805 1038 1871 Treverensis
1103 1812 1170 1869 et
1213 1802 1624 1871 Coloniensis
1684 1796 2153 1891 archiepiscopi
2199 1802 2281 1867 ad
2326 1802 2651 1888 gremium
2700 1822 2819 1865 no-

413 1912 620 1969 strum
671 1913 740 1970 et
781 1902 1113 1969 Ecclesiae
1169 1903 1509 1968 venientes
1562 1924 1709 1967 cum
1766 1902 1953 1988 regia
1995 1900 2340 1966 serenitate
2386 1907 2453 1965 et
2491 1898 2635 1965 aliis
2678 1899 2821 1964 ele-

423 2004 705 2069 ctoribus
747 2003 1094 2092 praedictis
1135 2004 1204 2067 in
1247 2002 1710 2084 declaratione,
1752 2025 1872 2089 pro
1914 2002 2105 2066 nobis
2144 2000 2466 2083 facienda,
2512 2008 2589 2064 ut
2630 2021 2823 2087 prae-

413 2104 659 2186 fertur,
727 2104 1200 2185 concurrerint,
1267 2104 1585 2187 nobisque
1639 2101 1900 2189 plenam
1945 2110 2010 2165 et
2054 2101 2336 2166 debitam
2379 2098 2825 2166 obedientiam

414 2204 850 2292 praebuerint,
893 2226 968 2267 ac
1005 2226 1124 2291 pro
1162 2224 1320 2267 vero
1348 2202 1501 2267 Iesu
1530 2200 1773 2267 Christi
1808 2200 2048 2265 vicario
2081 2200 2599 2287 recognoverint,
2636 2200 2822 2287 ipsos

417 2304 499 2369 ad
542 2303 903 2392 praedictas
951 2303 1259 2368 ecclesias
1279 2351 1298 2384 ,
1359 2304 1602 2386 absque
1644 2302 1781 2366 ulla
1824 2302 2209 2389 exceptione
2254 2309 2367 2365 aut
2406 2298 2826 2389 oppositione

411 2404 828 2469 restituemus
843 2450 862 2483 ,
925 2426 999 2468 ac
1033 2403 1102 2468 in
1140 2402 1485 2491 pristinum
1530 2410 1763 2466 statum
1805 2422 2198 2489 reponemus
2218 2450 2239 2483 ,
2303 2390 2483 2465 iuxta
2522 2409 2827 2464 tenorem

417 2504 676 2592 capituli
704 2503 1000 2591 superius
1041 2502 1370 2591 descripti.
1411 2501 1597 2568 Nulli
1627 2522 1787 2587 ergo
1816 2510 1935 2565 etc.
1976 2501 2128 2566 Dat.
2157 2501 2403 2567 Romae
2432 2499 2604 2587 apud
2637 2520 2825 2563 sanc—

415 2612 554 2667 tum
591 2602 860 2667 Petrum
903 2626 1070 2668 anno
1113 2602 1567 2667 incarnationis
1606 2600 1963 2665 dominicae
2001 2598 2559 2665 MGOOOXLVI.
2644 2598 2825 2664 Non.

413 2701 771 2785 Februarii,
809 2702 1230 2767 Pontificatus
1271 2702 1476 2767 nostri
1518 2724 1685 2766 anno
1728 2699 1916 2767 XVI.

418 2902 676 2968 XVIII.
759 2901 1118 2989 Eugenii
1163 2902 1282 2967 IV.
1337 2900 1580 2968 bulla
1646 2921 1905 2988 super
1964 2897 2344 2965 diversis
2399 2896 2829 2982 indultis,

425 3001 1275 3090 dispensationibus,
1340 3001 2056 3068 concessionibus
2100 3000 2185 3066 in
2224 2999 2577 3087 gratiam
2622 2996 2827 3065 Ger-

467 3125 890 3170 manorum
933 3105 1202 3169 factis.
1265 3103 1351 3169 A.
1395 3091 1989 3169 MCOCOXLVII.
2036 3098 2169 3166 die
2213 3100 2369 3166 VII.
2416 3100 2662 3165 Febr.
2692 3100 2788 3184 ¹¹⁸).

590 3269 924 3355 Eugenius
975 3270 1318 3359 episcopus
1363 3267 1611 3337 Servus
1656 3266 2015 3334 Servorum
2048 3266 2203 3333 Dei.
2250 3264 2363 3332 Ad
2404 3267 2688 3331 futuram
2728 3266 2834 3331 rei

426 3368 826 3433 memoriam.
925 3368 1107 3435 Inter
1149 3378 1363 3435 cetera
1405 3368 1731 3434 desideria
1781 3366 1993 3435 cordis
2037 3366 2242 3432 nostri
2282 3366 2455 3430 filios
2501 3364 2836 3449 quos-libet

424 3468 507 3533 ad
547 3476 832 3535 nostram
877 3478 942 3533 et
983 3470 1337 3556 apostolice
1384 3469 1559 3535 sedis
1604 3467 2039 3534 obedientiam
2087 3474 2469 3555 exoptantes
2495 3465 2685 3531 aduci
2713 3465 2837 3531 illa

428 3577 793 3656 temporum
839 3568 1142 3653 qualitate
1184 3578 1454 3657 pensata
1498 3568 1843 3654 aliquando
1890 3566 2305 3638 concedimus
2344 3566 2717 3632 ordinamus
2767 3575 2837 3631 et

424 3668 761 3733 statuimus
815 3689 935 3755 per
996 3689 1122 3751 que
1173 3668 1414 3735 Christi
1453 3668 1749 3735 fidelium
1792 3668 2233 3753 tranquillitati
2278 3676 2345 3731 et
2386 3666 2678 3731 comodis
2724 3687 2834 3731 re-

275 3815 283 3823 «
375 3794 378 3799 ·
424 3768 617 3835 motis
679 3768 1188 3834 dissensionibus
1238 3778 1302 3834 et
1343 3770 1659 3835 scandalis
1709 3769 2073 3833 consolatur
2098 3768 2147 3851 1)
2193 3776 2261 3832 et
2306 3765 2546 3832 exinde
2589 3764 2835 3829 anima-

423 3892 570 3934 rum
619 3869 898 3936 salutem
955 3867 1214 3933 valeant
1255 3869 1560 3956 adispici,
1632 3866 1807 3934 Sane
1854 3891 1999 3934 cum
2042 3877 2311 3956 propter
2356 3864 2837 3933 dissensionem

426 3968 596 4036 inter
655 3991 772 4034 nos
841 3977 908 4033 et
951 3990 1062 4033 eos
1109 3970 1218 4053 qui
1259 3969 1523 4035 Basilee
1567 3970 1684 4033 sub
1722 3970 1985 4033 nomine
2030 3968 2356 4054 generalis
2400 3964 2679 4033 Concilii
2726 3986 2833 4030 re-

426 4078 794 4135 manserant
839 4068 1088 4133 dudum
1131 4078 1424 4133 exortam
1438 4117 1459 4151 ,
1508 4068 1805 4134 nonnulli
1850 4066 2188 4156 Principes
2205 4062 2214 4069 ’
2230 4076 2363 4133 tam
2413 4065 2833 4133 ecclesiasfici

625 4327 674 4397 *)
710 4328 910 4383 Edidit
949 4327 1108 4384 Koch
1144 4328 1368 4385 Sanctio
1409 4328 1757 4399 pragmatica
1789 4347 1845 4399 p.
1884 4330 2006 4385 188.
2046 4348 2116 4384 ex
2168 4327 2514 4399 autographo
2568 4325 2830 4383 tabularii

431 4410 883 4481 Salisburgensis.

629 4497 686 4564 1)
722 4497 810 4552 Ita
843 4500 904 4553 in
939 4502 1316 4573 autograph03
1356 4502 1480 4573 logie
1517 4505 1848 4557 consulatur.-
