2959 4984
322 293 518 346 xcm.
592 287 1307 352 INSTRUOT10,QUOAD
1352 289 1813 370 MATRIMONIA
1853 291 2078 340 Mxx‘rA
2100 291 2182 342 =A.
2219 287 2377 344 1830.
2453 287 2560 344 593

156 455 320 544 quin
364 455 578 544 potius
620 455 737 522 ille
780 457 991 522 teneri
1045 449 1117 522 se
1156 457 1355 524 sciret
1416 435 1712 522 adhunc
1755 477 1876 544 pro
1921 455 2172 522 viribus
2214 456 2294 522 ab
2332 472 2560 522 errore

152 555 629 624 retrahendum
657 608 677 641 ,
738 558 857 622 sed
920 557 1113 622 etiam
1150 565 1225 620 ut
1269 557 1489 644 proles
1531 551 2112 640 utriusque-senus
2155 577 2241 620 ex
2285 575 2362 620 eo
2414 577 2559 620 con-

150 658 345 744 iugio
388 657 794 745 procreanda
832 656 903 722 in
946 656 1304 722 catholicae
1342 655 1684 744 religionis
1727 654 2064 720 sanctitate
2103 655 2366 720 omnino
2409 655 2562 720 edu·
2627 689 2638 698 ·

160 767 447 824 caretur.
552 755 723 823 Cum
768 756 941 821 enim
986 777 1124 821 non
1182 755 1626 834 ecclesiastica
1672 755 1912 840 solum,
1962 755 2081 821 sed
2125 756 2440 821 naturalis
2487 777 2562 820 ac

158 859 390 926 divina
442 877 715 946 prorsus
768 857 882 922 lex
923 863 1141 940 vetet,
1197 876 1285 921 ne
1321 855 1518 922 homo
1573 855 1644 920 in
1707 854 1951 943 nuptiis
1994 854 2450 922 contrahendis
2496 875 2566 922 se

158 955 277 1024 aut
318 961 605 1024 futuram
662 956 956 1022 sobolem
1020 955 1315 1044 periculo
1373 955 1812 1044 perversionis
1875 964 2126 1020 temere
2189 956 2567 1041 committat,

158 1057 409 1126 exinde
467 1077 621 1123 sane
678 1055 1098 1122 manifestum
1144 1065 1243 1121 est
1266 1107 1285 1141 ,
1352 1065 1740 1121 memoratas
1801 1077 2026 1121 omnes
2096 1055 2426 1122 cautiones
2466 1055 2562 1122 id-

158 1160 343 1224 circo
384 1155 703 1240 adhiberi,
745 1165 817 1220 ut
862 1155 1173 1221 naturalis
1220 1155 1450 1222 eadem
1489 1154 1836 1240 divinaque
1876 1155 1990 1222 lex
2025 1165 2198 1221 sarta
2233 1164 2410 1220 tecta
2449 1157 2560 1222 ha·-

158 1262 417 1325 beatur.‘
494 1257 713 1338 Quare
753 1253 1079 1322 Sanctitas
1136 1254 1272 1324 Su'a
1315 1255 1552 1320 debitis
1595 1276 1997 1343 prosequens
2037 1255 2335 1322 laudibus
2377 1277 2564 1344 prae-

164 1357 381 1424 dictos
428 1356 783 1422 Antistites
828 1377 951 1443 pro
990 1355 1301 1442 pastorali
1344 1355 1486 1420 zelo
1504 1403 1523 1437 ,
1577 1373 1709 1440 quo
1753 1353 2125 1421 Catholicos
2172 1377 2325 1420 suae
2365 1377 2562 1421 curae

160 1457 452 1524 creditos
502 1465 799 1520 avertere
856 1455 1069 1522 conati
1142 1449 1294 1522 sunt
1345 1479 1382 1518 a
1422 1454 1796 1544 nuptiarum
1837 1455 2108 1520 foedere
2148 1455 2378 1521 illicite
2419 1477 2567 1522 cum

156 1555 538 1624 acatholicis
583 1555 1043 1643 coniungendo
1064 1607 1083 1640 ,
1152 1556 1300 1621 illos
1362 1556 1560 1621 enixe
1615 1555 1685 1618 in
1723 1555 2010 1621 Domino
2059 1556 2398 1621 adhortata
2443 1566 2561 1642 est,

156 1665 239 1722 ut
280 1654 553 1743 posthac
600 1673 857 1738 quoque
902 1655 971 1718 in
1010 1653 1079 1718 id
1121 1655 1335 1743 ipsum
1380 1655 1608 1720 sedulo
1652 1655 2139 1742 prudenterque
2177 1655 2567 1751 allaborent,

160 1754 363 1823 simul
402 1762 561 1819 vero
606 1762 675 1818 et
712 1754 1030 1819 nonnulla
1070 1752 1299 1819 iisdem
1347 1755 1556 1821 literis
1603 1755 2047 1844 praescripsit,
2091 1777 2256 1840 quae
2286 1749 2564 1844 ‘Episco-

162 1876 410 1945 porum
452 1854 830 1918 eorumdem
872 1854 1187 1921 molestiis
1218 1855 1539 1920 leniendis
1565 1855 1906 1942 profutura
1935 1855 2336 1942 viderentur,
2371 1877 2564 1942 quae-

160 1975 297 2042 que
364 1952 775 2041 pertinerent
838 1953 924 2018 ad
990 1955 1343 2021 catholicos
1396 1953 1467 2020 in
1525 1950 1755 2019 illicita
1807 1954 1920 2020 illa
1977 1955 2300 2020 connubia
2354 1957 2566 2044 prola-

156 2057 401 2121 bentes
437 2052 523 2117 ad
562 2053 836 2119 meliora
868 2054 1139 2120 consilia
1184 2065 1377 2140 atque
1446 2054 1530 2120 ad
1577 2053 1928 2120 salutarem
1964 2054 2434 2143 poenitentiam
2475 2055 2564 2124 fa-

160 2154 361 2221 cilius
404 2153 835 2220 reducendos.
918 2154 1141 2240 Atque
1188 2178 1317 2219 una
1360 2153 1754 2238 declaravit,
1825 2177 2132 2241 magnam
2176 2176 2246 2220 se
2289 2157 2457 2244 erigi
2496 2155 2566 2221 in

162 2273 356 2344 spem
400 2273 535 2320 non
598 2253 793 2319 modo
840 2252 1201 2342 Episcopos
1258 2252 1608 2342 pontificiis
1675 2253 1804 2320 illis
1862 2255 2194 2343 rescriptis
2257 2257 2568 2344 religiose

166 2357 602 2422 obsecuturos
624 2403 645 2436 ,
682 2351 819 2440 ⁸aed
846 2353 1062 2440 ipsum
1116 2373 1377 2439 quoque
1416 2351 1922 2421 serenissimum
1961 2353 2215 2440 Regem
2272 2377 2393 2444 pro
2453 2357 2568 2422 sua

166 2452 493 2539 aequitate
534 2460 599 2516 et
646 2471 809 2536 erga
848 2452 1201 2518 catholicos
1258 2452 1382 2518 sibi
1438 2451 1733 2520 subditos
1792 2451 2206 2538 indulgentia
2247 2453 2423 2521 haud
2463 2476 2568 2521 ae-

167 2574 294 2642 gre
342 2552 627 2617 laturum
647 2599 669 2634 ,
728 2550 781 2614 si
843 2551 1200 2617 animarum
1240 2561 1534 2640 pastores
1576 2549 1902 2616 Maiestati
1945 2551 2116 2620 Suae
2162 2553 2232 2619 in
2274 2555 2574 2622 civilibus

164 2651 373 2720 rebus
420 2671 504 2716 ex
548 2649 763 2716 animo
792 2647 1348 2736 obsecundantes,
1390 2651 1461 2716 in
1501 2651 1628 2715 hoc
1668 2659 1888 2714 tamen
1932 2653 2219 2738 negotio,
2265 2655 2439 2738 quod
2479 2655 2574 2744 ip·
2630 2724 2634 2728 ,

165 2773 311 2820 sam
358 2750 623 2836 attingit
662 2750 1056 2815 matrimonii
1094 2751 1506 2816 sanctitatem
1575 2759 1640 2815 et
1677 2749 1988 2835 religiosa
2028 2751 2381 2838 coniugum
2431 2755 2572 2819 offi-

164 2852 269 2918 cia
316 2849 604 2938 respicit,
634 2869 847 2916 sacras
872 2849 1215 2936 religionis
1246 2849 1626 2916 Catholicae
1660 2849 1926 2935 regulas
1953 2849 2317 2918 observent.
2361 2851 2574 2935 Quam

162 2961 519 3033 utramque
562 2971 747 3036 spem
788 2971 961 3014 nunc
1006 2950 1199 3015 etiam
1238 2969 1644 3037 magnopere
1693 2947 1871 3013 fovet
1900 2945 2210 3016 Summus
2246 2950 2574 3036 Pontifex,

170 3049 338 3114 dum
378 3048 502 3112 hac
544 3047 968 3115 instructione
996 3049 1381 3138 supradictis
1428 3057 1708 3134 quatuor
1737 3046 2080 3137 Episcopis
2105 3051 2397 3116 nunciari
2439 3052 2580 3116 vult

160 3148 299 3214 alia
344 3146 697 3232 nonnulla,
762 3169 929 3234 quae
992 3149 1169 3214 circa
1222 3149 1500 3214 eandem
1561 3169 1703 3212 rem
1765 3147 2209 3234 indulgenda,
2257 3159 2368 3214 aut
2412 3151 2572 3215 tole-

161 3245 383 3315 randa
422 3246 729 3312 decrevit.
818 3245 905 3312 Et
948 3248 1159 3336 primo
1208 3247 1471 3332 quidem
1515 3246 1597 3310 ad
1639 3245 2050 3312 matrimonia
2107 3248 2283 3333 quod
2327 3248 2579 3333 attinet,

166 3365 343 3434 quae
386 3345 457 3412 in
502 3355 777 3433 quatuor
812 3347 1244 3414 Dioecesibus
1292 3345 1706 3428 Coloniensi,
1750 3345 2127 3411 Trevirensi
2150 3395 2170 3430 ,
2214 3346 2577 3413 Paderbor-

165 3445 365 3512 nensi
384 3493 405 3528 ,
470 3454 537 3509 et
575 3444 1078 3512 Monasteriensi
1118 3447 1452 3532 hucusque
1511 3446 1674 3512 inita
1733 3455 1882 3512 sunt
1921 3453 2184 3533 praeter
2224 3446 2501 3512 formam
2543 3469 2581 3511 a

163 3545 560 3612 Tridentino
594 3541 889 3612 Concilio
925 3547 1419 3635 praescriptam,
1462 3547 1592 3612 iam
1637 3544 1888 3616 SSmus
1913 3544 2102 3611 D.N.
2143 3544 2276 3611 suis
2321 3545 2450 3613 illis
2493 3545 2574 3612 ad

164 3647 539 3735 Episcopos
602 3642 811 3712 literis
870 3643 1181 3710 indicavit
1201 3695 1221 3730 ,
1288 3667 1359 3710 se
1420 3645 1672 3712 eisdem
1727 3645 2186 3732 delegaturum
2241 3645 2580 3713 facultates

162 3748 443 3814 idoneas
467 3797 488 3832 ,
542 3757 619 3812 ut
664 3748 919 3836 possint
958 3747 1145 3813 malis
1182 3746 1422 3812 exinde
1489 3747 1648 3812 ortis
1703 3769 1942 3834 magna
1999 3743 2231 3811 saltem
2269 3767 2354 3810 ex
2394 3754 2580 3830 parte

43 3913 47 3920 ,
166 3845 447 3915 mederi.
528 3845 857 3912 Nimirum
902 3843 1213 3912 Summus
1254 3846 1597 3929 Pontifex,
1639 3867 1895 3912 memor
1935 3844 2273 3911 Viearium
2317 3865 2390 3908 se
2433 3845 2578 3910 ess'e

164 3947 221 4017 J
222 3969 343 4013 esu
370 3941 635 4012 'Christi
654 3999 674 4030 ,
740 3947 853 4032 qui
890 3946 1072 4012 venit
1114 3966 1431 4032 quaerere
1480 3956 1546 4010 et
1589 3946 1838 4012 salvum
1881 3945 2100 4010 facere
2147 3944 2320 4028 quod
2365 3944 2578 4030 perie-

163 4057 296 4129 rat,
338 4046 421 4110 ad
458 4045 795 4112 infelicem
830 4046 1127 4134 respexit
1167 4045 1433 4112 illorum
1464 4045 1931 4110 catholicorum
1955 4042 2418 4127 conditionem,
2463 4043 2574 4128 qui

162 4149 242 4214 in
284 4145 591 4230 coniugio
645 4145 943 4212 viventes
998 4167 1219 4212 coram
1263 4146 1425 4212 Deo·
1456 4156 1522 4210 et
1565 4143 1864 4209 Ecclesia
1905 4143 2091 4208 irrito
2115 4191 2135 4224 ,
2203 4142 2324 4208 sed
2358 4143 2574 4207 coram

168 4244 477 4313 civilibus
518 4244 647 4311 loci
688 4245 948 4334 legibus
986 4245 1230 4330 valido,
1284 4245 1355 4311 in
1398 4267 1638 4332 magna
1679 4242 2000 4308 redeundi
2041 4242 2128 4307 ad
2165 4242 2408 4308 bonam
2443 4241 2576 4307 fru-

165 4369 333 4436 gem
382 4344 771 4413 difficultate
806 4347 1169 4430 versantur,
1192 4349 1279 4410 ‘et
1318 4341 1764 4410 misericordia
1809 4363 1968 4427 erga
2009 4362 2124 4408 eos
2167 4349 2380 4405 motus
2419 4339 2579 4427 ipsis

168 4445 435 4537 aperire
480 4446 775 4512 decrevit
816 4445 1179 4512 faciliorem
1218 4444 1393 4510 viam
1433 4443 1522 4510 ad
1555 4440 2040 4532 poenitentiam.
2079 4439 2312 4524 Itaque
2335 4438 2574 4502 Archi-

234 4549 413 4594 Wanor
444 4547 619 4594 Fontes
653 4551 772 4592 iuric
807 4550 1139 4594 ecclesiastici.
2110 4542 2181 4598 38
