2959 4984
416 279 531 340 588
600 277 898 334 me.
974 275 1451 336 coNs'rITtJ'rlo
1489 277 1592 334 ΒΕ
1628 277 2300 338 APPELLATIORIBUS
2335 279 2406 334 A.
2443 277 2600 333 1742.

422 443 911 527 quomodolibet
948 446 1264 532 exempti,
1298 445 1371 512 in
1402 445 1726 513 Civilibus
1751 445 1988 512 Oausis
2013 445 2416 531 Mercedum,
2455 455 2526 512 et
2557 447 2824 512 misera-

420 542 651 610 bilium
684 542 1149 630 Personarum,
1198 545 1451 612 etiamsi
1493 553 1746 612 certum
1785 545 2096 612 Judieem
2133 570 2172 612 a
2215 543 2394 612 Sede
2439 545 2827 634 Apostolica

420 641 801 730 deputatum
856 645 927 710 in
986 645 1283 732 partibus
1322 645 1647 711 habeant:
1711 645 1794 712 In
1837 646 1984 712 aliis
2017 667 2178 712 vero
2196 697 2215 731 ,
2277 647 2336 712 si
2375 647 2590 734 ipsum
2633 645 2690 714 J
2689 646 2826 711 udi-

418 763 567 808 cem
608 765 741 812 non
778 743 1152 828 habuerint,
1188 765 1411 810 coram
1434 743 1764 810 Locorum
1790 743 2182 829 Ordinariis,
2223 755 2532 830 tanquam
2569 745 2656 810 ab
2687 743 2828 832 ipsa

420 841 599 912 Sede
644 843 966 930 delegatis
984 896 1005 929 ,
1044 844 1379 912 conveniri
1418 845 1490 910 in
1535 845 1748 932 prima
1785 845 2114 928 instantia,
2151 856 2218 911 et
2257 845 2426 913 Jure
2469 843 2694 910 medio
2741 843 2824 908 ad

412 943 802 1012 solvendum
842 944 1136 1012 debitum
1184 943 1339 1030 cogi
1378 945 1650 1032 possint.

590 1045 649 1124 ἓ.
692 1044 797 1110 42.
884 1045 1031 1127 Quo
1074 1065 1235 1110 vero
1281 1044 1367 1109 ad
1410 1043 1740 1112 Personas
1795 1068 1930 1112 non
1975 1055 2314 1134 exemptas
2331 1095 2352 1128 ,
2421 1041 2826 1109 inhaerendo

416 1143 715 1210 similiter
754 1145 1165 1232 dispositioni
1212 1144 1504 1230 ejusdem
1527 1142 1720 1212 Sacri
1741 1144 2030 1212 Concilii
2069 1167 2230 1212 sess.
2271 1144 2368 1212 13.
2419 1143 2506 1210 de
2531 1143 2824 1212 Reform.

418 1267 562 1332 cap.
604 1243 661 1312 1.
679 1293 699 1327 ,
745 1255 811 1310 et
852 1265 1011 1311 sess.
1052 1245 1155 1310 22.
1198 1267 1339 1333 cap.
1386 1243 1466 1327 7.,
1509 1255 1576 1310 et
1619 1267 1778 1312 sess.
1819 1246 1921 1312 24.
1961 1269 2103 1334 cap.
2147 1245 2250 1312 20.
2293 1265 2551 1310 necnon
2595 1267 2824 1332 supra·

416 1343 607 1412 dietis
668 1344 975 1411 Decretis
1034 1345 1455 1431 generalibus
1501 1344 2054 1433 Congregationis
2089 1343 2572 1434 Episcoporum
2633 1343 2823 1409 editis

412 1465 579 1510 anno
620 1443 837 1510 MDO.
904 1467 1053 1510 cum
1114 1445 1488 1512 novissimis
1545 1445 1986 1512 additionibus
2003 1499 2023 1530 ,
2083 1467 2200 1512 seu
2269 1445 2823 1512 declarationibus

416 1543 575 1612 Piae
615 1565 811 1610 mem.
852 1543 1199 1612 Benedicti
1240 1544 1435 1612 XIII.
1474 1546 1548 1610 in
1589 1547 1990 1635 Appendice
2019 1545 2301 1614 Concilii
2321 1545 2644 1627 Romani3
2695 1543 2824 1608 Vo-

413 1645 651 1730 lumus,
692 1645 1051 1728 stamimus,
1096 1656 1169 1710 et
1204 1644 1610 1730 mandamus,
1653 1647 1832 1732 quod
1873 1645 2126 1713 Causae
2167 1669 2394 1714 omnes
2409 1699 2429 1732 ,
2467 1655 2606 1712 tam
2655 1645 2824 1712 civi-

414 1745 535 1828 les,
580 1768 773 1830 quam
818 1745 1227 1828 criminales,
1268 1745 1353 1810 ad
1390 1743 1636 1812 Forum
1660 1744 2199 1814 Ecclesiasticum
2235 1748 2671 1837 pertinentes,
2717 1767 2822 1810 ex-

418 1846 625 1933 ceptis
669 1846 1109 1932 Privilegiatis
1125 1897 1148 1931 ,
1218 1868 1387 1932 quae
1450 1869 1535 1914 ex
1583 1847 1818 1914 eodem
1865 1846 2166 1914 Concilio
2182 1897 2202 1931 ,
2259 1848 2370 1914 vel
2433 1849 2593 1914 alias
2635 1851 2823 1934 juxta

416 1943 780 2014 canonicas
824 1945 1213 2015 Sanctiones
1251 1948 1423 2036 apud
1470 1947 1634 2032 Nos,
1681 1957 1748 2014 et
1791 1944 2038 2014 Sedem
2059 1948 2514 2036 Apostolicam
2555 1949 2822 2014 tractari

414 2053 719 2132 possunt,
773 2057 885 2112 aut
926 2046 1203 2132 debent,
1260 2071 1481 2114 eoram
1529 2048 1898 2116 Ordinariis
1937 2048 2268 2114 Locorum
2313 2048 2656 2114 dumtaxat
2671 2101 2692 2136 ,
2757 2048 2819 2112 in

412 2146 623 2232 prima
658 2145 981 2214 Instantis.
1016 2159 1534 2234 cognoscantur,
1593 2171 1809 2235 neque
1847 2175 1888 2216 a
1929 2147 2451 2236 Metropolitanis
2467 2199 2488 2232 ,
2535 2149 2820 2215 Patriar-
2939 2183 2941 2200 2

416 2245 557 2312 chis
568 2295 591 2329 ,
652 2257 763 2314 aut
804 2247 1199 2316 Primatibus
1220 2296 1241 2331 ,
1307 2249 1585 2335 aliisque
1645 2251 1996 2319 Judicibus
2037 2248 2518 2316 Ecclesiasticis
2538 2299 2558 2333 ,
2627 2250 2816 2316 etiam

410 2345 691 2416 Nostris.
716 2358 783 2414 et
830 2345 1025 2416 Sedis
1060 2349 1487 2438 Apostolicae
1525 2349 1814 2435 Nuntiis,
1854 2351 1966 2415 vel
2009 2349 2092 2415 de
2131 2349 2340 2415 latere
2375 2349 2674 2436 Legatis,
2717 2359 2818 2414 aut

414 2446 733 2518 Gamerae
770 2449 1055 2518 Nostrae
1099 2450 1397 2536 generali
1438 2451 1787 2533 Auditore,
1831 2462 1902 2518 et
1941 2449 2214 2516 caeteris
2259 2449 2662 2535 quibuslibet
2695 2451 2816 2518 Ou-

413 2547 551 2612 riae
596 2558 859 2615 nostrae
890 2549 1239 2617 Judicibus
1280 2550 1365 2615 ad
1403 2573 1476 2618 se
1517 2552 1800 2636 avocari,
1849 2551 1960 2614 vel
1999 2550 2144 2616 aliis
2177 2550 2494 2618 committi
2529 2552 2813 2640 possint3

408 2647 535 2714 nisi
578 2671 699 2736 per
738 2651 911 2716 viam
950 2650 1287 2738 legitimae
1332 2650 1808 2738 appellationis,
1847 2661 1914 2715 et
1943 2652 2017 2716 in
2047 2650 2304 2716 casibus
2343 2659 2420 2716 ut
2455 2674 2658 2739 supra
2686 2675 2810 2717 non

407 2747 771 2834 prohibitis,
814 2750 899 2816 ad
940 2751 1233 2838 ipsorum
1260 2751 1640 2817 Tribunalia
1671 2750 2070 2816 deferantur.

577 2850 641 2926 ξ.
676 2849 781 2914 43.
869 2851 1367 2937 Appellationes
1402 2859 1619 2918 autem
1655 2871 1794 2916 non
1838 2851 2262 2937 recipiantur,
2313 2869 2532 2935 neque
2579 2849 2810 2916 inhibi-

414 2945 622 3010 tiones
666 2947 897 3031 vigore
936 2949 1197 3014 illarum
1242 2951 1691 3016 concedantur
1711 3002 1733 3035 ‚
1797 2952 1924 3017 nisi
1963 2951 2146 3038 prius
2190 2950 2590 3034 eonstiterit,
2639 2947 2808 3034 quod

412 3043 657 3112 nedum
696 3068 817 3134 per
860 3048 1223 3133 legitimam
1262 3049 1644 3133 Personam,
1687 3060 1756 3116 et
1797 3051 1970 3116 intra
2009 3051 2306 3136 legitima
2331 3061 2635 3139 tempora
2656 3070 2808 3116 vere

410 3145 810 3233 appellatum
852 3147 1083 3230 fuerit3
1122 3148 1263 3218 Sed
1306 3150 1524 3232 etiam,
1565 3150 1740 3235 quod
1779 3150 2175 3238 appellatum
2222 3151 2439 3246 fuerit·
2457 3175 2496 3216 a
2534 3147 2806 3220 Senten-

408 3243 501 3311 tia
541 3243 897 3331 definitiva,
938 3248 1048 3313 vel
1074 3248 1357 3316 habente
1392 3251 1530 3314 vim
1557 3249 1956 3335 definitivae,
1999 3260 2108 3316 aut
2133 3274 2171 3315 a
2196 3251 2601 3336 gravamine,
2637 3247 2806 3336 quod

408 3364 530 3430 per
572 3343 973 3412 definitivam
1014 3345 1424 3416 Sententiam
1462 3349 1756 3435 reparari
1799 3371 1933 3416 non
1969 3349 2212 3438 possit:
2277 3350 2496 3434 quue
2533 3371 2656 3440 per
2691 3369 2802 3437 pu-

410 3441 581 3511 blica
601 3443 1037 3534 Documenta,
1076 3469 1240 3534 quae
1278 3449 1548 3514 realiter
1589 3449 1661 3516 in
1687 3450 1878 3516 Actis
1911 3449 2374 3531 exhibeant-un
2419 3449 2609 3516 Tunc
2637 3451 2804 3516 enim

411 3555 477 3613 et
514 3567 649 3610 non
684 3559 895 3632 antea,
936 3549 1163 3618 Judici
1179 3601 1199 3635 ,
1254 3551 1338 3616 ad
1378 3571 1576 3635 quem
1619 3550 2020 3638 appellatum
2061 3550 2260 3619 fucrit
2279 3599 2300 3632 ,
2365 3550 2436 3614 in
2484 3549 2694 3618 Causa
2734 3571 2802 3614 se

413 3645 881 3735 intromittere,
926 3650 1287 3736 citationes,
1328 3660 1395 3716 et
1436 3650 1860 3716 inhibitiones
1915 3651 2284 3716 concedere
2335 3651 2566 3733 liceat;
2631 3651 2803 3718 dum-

410 3747 605 3813 modo
660 3759 881 3816 tamen
944 3750 1381 3817 concedantur
1438 3773 1592 3842 cum
1637 3749 2066 3838 inscriptione
2109 3751 2360 3816 tenoris
2404 3747 2797 3828 Sententiae,

406 3857 519 3912 aut
542 3847 817 3914 Decreti
860 3851 1202 3937 definitivi,
1246 3873 1363 3918 seu
1406 3852 1542 3918 vim
1585 3850 1956 3916 definitivae
1999 3849 2316 3932 habentis,
2357 3849 2469 3914 vel
2503 3849 2800 3914 damnum

406 3968 530 4035 per
586 3949 989 4016 definitivam
1042 3952 1471 4040 irreparabile
1517 3952 1919 4033 inferentes;
1981 3950 2170 4016 Alias
2213 3949 2556 4015 citationes
2572 4000 2593 4033 ,
2651 3947 2800 4012 Pro-

408 4071 653 4134 cessus‚
693 4060 759 4116 et
798 4052 953 4118 inde
988 4062 1263 4139 sequuta
1303 4073 1772 4139 quaecumque,
1813 4054 1944 4120 sint
1988 4052 2132 4141 ipso
2172 4051 2340 4120 Jure
2371 4051 2573 4134 nulla,
2614 4059 2800 4133 atque

404 4147 671 4237 impune
718 4153 941 4240 sperni
976 4155 1249 4243 possint.

569 4253 633 4330 ξ.
670 4253 772 4318 44.
858 4255 1055 4337 Quod
1100 4255 1155 4322 si
1199 4256 1536 4344 appellans
1579 4265 1857 4340 asserat,
1903 4253 2336 4336 Sententiae,
2383 4261 2495 4316 aut
2536 4245 2796 4317 Decreti

408 4352 805 4440 Exemplum
852 4355 1319 4438 authenticum,
1365 4356 1560 4444 culpa
1600 4355 1648 4423 J
1647 4355 1858 4422 udicis
1899 4381 1941 4420 a
1984 4376 2132 4440 quo,
2175 4355 2285 4420 vel
2321 4351 2578 4420 Notarii
2594 4403 2615 4437 ,
2659 4349 2796 4416 sivo

407 4453 729 4534 Actuarii,
770 4453 1015 4518 habere
1056 4476 1191 4520 non
1230 4475 1447 4541 posse,
1485 4463 1642 4521 tunc
1679 4456 1908 4521 saltem
1947 4456 2201 4544 copiam
2243 4453 2611 4543 simplicem
2639 4450 2792 4522 Sen-
