2959 4984
347 265 497 318 XCI.
568 265 1033 320 DECLARATIO
1068 265 1303 318 SUPER
1338 261 1820 322 MATRIMONIIS
1857 267 2106 322 mxwls
2150 272 2213 321 A.
2249 263 2408 324 1741.
2479 273 2588 328 587

336 434 397 513 ξ.
436 431 499 496 3.
590 429 785 512 Quod
843 449 999 494 vero
1044 437 1293 517 spectat
1335 430 1420 495 ad
1464 451 1542 494 ea
1585 429 1946 517 Conjugia,
2013 454 2179 520 quae
2224 435 2468 521 pariter
2505 434 2576 501 in

162 532 407 598 iisdem
448 529 833 596 Foederatis
874 529 1095 615 Belgii
1138 528 1526 612 Provinciis,
1569 531 1814 614 absque
1854 531 2068 596 forma
2110 556 2148 596 a
2189 532 2574 600 Tridentino

161 643 429 715 statuta,
472 630 944 697 contrahuntur
980 653 1019 694 a
1062 628 1421 696 Catholicis
1466 652 1614 694 cum
1660 629 2055 713 Haereticis,
2099 631 2237 696 sive
2287 631 2576 700 Catholi-

166 757 285 800 cus
326 733 454 799 Vir
491 730 911 799 Haereticam
950 728 1007 795 F
1008 729 1329 794 oeminam
1368 729 1437 796 in
1480 729 1970 796 Matrimonium
2018 731 2234 814 ducat,
2279 733 2416 799 sive
2456 734 2577 802 Ca-

166 835 423 900 tho'lica
462 832 780 900 Focmina
818 829 1173 894 Haeretico
1216 829 1383 895 Viro
1439 832 1676 914 nubat,
1744 831 1972 896 dolens
2015 830 2334 919 imprimis
2381 856 2580 919 quam
2687 861 2694 866 ·

166 935 459 1001 maxime
524 931 847 1002 Sanctitas
892 928 1027 996 Sua
1053 981 1072 1014 ,
1136 951 1249 996 cos
1293 951 1436 995 esse
1495 930 1666 996 inter
1710 924 2116 1014 Catholicos,
2181 932 2295 1019 qui
2349 934 2578 1002 insano

162 1053 395 1101 amore
452 1033 734 1120 turpiter
792 1029 1149 1096 dementati
1169 1082 1188 1114 ‚
1254 1031 1335 1096 ab
1394 1029 1574 1094 hisee
1633 1029 2128 1098 detestabilibus
2199 1031 2582 1121 Connubiis,

163 1157 337 1221 quae
374 1131 451 1200 S.
476 1131 692 1198 Mater
739 1130 1037 1198 Ecclesia
1073 1140 1395 1218 perpetuo
1444 1129 1792 1212 damnavit,
1833 1140 2027 1216 atque
2070 1131 2443 1217 interdixit,
2489 1158 2577 1204 ex

165 1237 387 1302 animo
428 1255 561 1298 non
604 1233 957 1298 abhorrent
980 1279 1001 1312 ,
1048 1240 1113 1295 et
1153 1252 1421 1318 prorsus
1464 1231 1590 1296 sibi
1635 1231 2092 1296 abstinendum
2133 1253 2268 1298 non
2311 1233 2578 1322 ducunt,

158 1337 573 1420 laudansque
616 1351 1033 1420 magnopere·
1063 1331 1279 1396 zelum
1320 1330 1586 1396 illorum
1629 1330 2016 1396 Antistitum
2035 1381 2056 1416 ,
2097 1333 2244 1417 qui,
2289 1336 2575 1401 severio-

162 1437 351 1503 ribus
395 1434 751 1523 propositis
818 1431 1259 1520 spiritualibus
1323 1432 1586 1520 poenis,
1649 1429 2024 1498 Catholicos
2091 1455 2397 1500 coercere
2443 1447 2575 1502 stu-

158 1538 353 1621 dent,
397 1555 481 1599 ne
522 1533 843 1619 sacrilego
884 1532 1011 1598 hoc
1049 1532 1311 1598 vinculo
1354 1553 1502 1597 sese
1556 1531 1926 1598 Haereticis
1954 1537 2386 1623 conjungant3
2427 1538 2578 1627 Epi-

154 1659 401 1724 scopos
444 1655 691 1716 omnes,
731 1632 1031 1698 Vicarios
1073 1631 1491 1719 Apostolicos
1515 1682 1536 1715 ,
1579 1631 1911 1700 Parochos
1935 1685 1956 1718 ,
2000 1634 2468 1725 Missionarios,
2509 1649 2578 1706 et

152 1737 326 1804 alios
372 1753 812 1822 quoscumque
842 1733 996 1818 Dei,
1046 1742 1113 1796 et
1136 1731 1475 1798 Ecclesiae
1518 1731 1750 1796 fideles
1794 1732 2130 1800 Ministros
2175 1737 2248 1802 in
2289 1738 2370 1804 iis
2412 1741 2571 1806 Par·

158 1837 339 1902 tibus
392 1835 711 1922 degentes
754 1834 949 1916 serio,
991 1834 1411 1922 graviterque
1455 1835 1750 1899 hortatur
1767 1885 1786 1918 ,
1831 1843 1898 1900 et
1935 1845 2180 1921 monet,
2221 1846 2296 1902 ut
2339 1837 2574 1905 Catho-

158 1937 331 2001 licos
376 1935 715 2022 utriusque
756 1955 954 1999 sexus
996 1936 1075 2000 ab
1118 1934 1495 2020 hujusmodi
1551 1934 1796 2022 nuptiis
1837 1936 1909 2002 in
1950 1937 2366 2024 propriarum
2406 1940 2570 2004 Ani-

164 2058 429 2102 marum
470 2033 831 2123 perniciem
870 2033 1171 2100 ineundis
1186 2083 1205 2116 ,
1246 2044 1558 2121 quantum
1609 2035 1862 2122 possint
1881 2087 1901 2120 ,
1947 2039 2390 2120 absterreant,
2435 2060 2576 2105 eas·-

168 2137 461 2220 demque
502 2135 781 2224 Nuptias
838 2134 1015 2198 omni
1073 2133 1331 2200 meliori
1387 2135 1584 2200 modo
1644 2135 2110 2219 intervertere,
2179 2148 2375 2223 atque
2433 2139 2574 2203 effi-

158 2237 407 2303 caciter
450 2235 774 2324 impedire
842 2229 1156 2322 satagant.
1230 2233 1325 2299 At
1355 2286 1375 2318 ,
1438 2235 1495 2299 si
1563 2235 1734 2302 forte
1797 2236 2062 2322 aliquod
2122 2237 2314 2323 hujus
2369 2259 2573 2324 gene-

156 2340 252 2404 ris
291 2335 799 2421 Matrimonium,
844 2335 1207 2401 Tridentini
1246 2335 1455 2401 forma
1495 2357 1630 2400 non
1675 2346 1949 2420 servata,
1993 2336 2240 2401 ibidem
2285 2347 2572 2403 contrac-

152 2449 301 2504 tum
336 2440 472 2524 jam
514 2437 615 2519 sit,
660 2445 769 2500 aut
816 2436 1240 2524 imposterum
1286 2435 1492 2521 (quod
1523 2437 1710 2504 Deus
1755 2435 2032 2520 avertat)
2083 2435 2373 2500 contrahi
2421 2457 2569 2500 con-

154 2540 375 2626 tingat
406 2560 423 2602 z
468 2537 753 2602 declarat
788 2533 1111 2602 Sanctitas
1154 2534 1308 2618 Sua,
1330 2535 1817 2600 Matrimonium
1850 2533 2244 2620 hujusmodi,
2285 2535 2410 2600 alio
2437 2559 2570 2602 non

151 2645 585 2705 concurrente
626 2636 935 2702 canonico
978 2635 1445 2725 impedimento
1464 2684 1486 2719 ,
1527 2635 1818 2700 validum
1862 2635 2236 2701 habendum
2281 2657 2448 2720 esse,
2493 2645 2564 2702 et

150 2747 466 2804 neutrum
506 2757 595 2801 ex
636 2735 1043 2822 Oonjugibus
1059 2783 1079 2818 ,
1128 2735 1339 2800 donec
1380 2735 1544 2800 alter
1587 2755 1813 2800 eorum
1857 2735 2293 2823 supervixerit
2325 2787 2346 2820 ,
2401 2737 2562 2803 ulla-

152 2849 351 2904 tenus
394 2857 586 2925 posse
606 2886 627 2920 ,
695 2837 817 2901 sub
874 2837 1143 2902 obtentu
1180 2833 1392 2900 dictae
1434 2837 1686 2900 formae
1741 2857 1874 2900 non
1919 2845 2214 2900 servatae
2229 2882 2252 2917 ,
2321 2858 2566 2902 novum

152 2937 648 3005 Matrimonium
698 2935 883 3001 inire.
960 2935 1043 3000 Id
1106 2957 1265 3000 vero
1330 2934 1576 3001 debere
1619 2935 1742 3002 sibi
1787 2934 2126 3023 potissime
2165 2936 2234 3000 in
2275 2937 2564 3002 animum

150 3037 479 3104 inducere
535 3035 905 3122 Oonjugem
955 3034 1367 3102 Catholicum
1386 3088 1407 3120 ,
1470 3037 1608 3101 sive
1653 3036 1888 3102 Virum
1906 3085 1926 3119 ,
1987 3037 2126 3101 sive
2167 3035 2566 3129 Foeminam‚

154 3147 239 3204 ut
278 3159 402 3226 pro
442 3135 831 3223 gravissimo
878 3137 1151 3220 scelere,
1192 3135 1367 3221 quod
1406 3134 1702 3220 admisit,
1744 3137 2212 3224 poenitentiam
2252 3146 2406 3223 agat
2427 3186 2448 3221 ,
2491 3160 2570 3202 ac

154 3237 428 3302 veniam
469 3261 507 3301 a
547 3236 697 3302 Deo
744 3245 1048 3323 precetur
1076 3286 1095 3320 ,
1164 3245 1564 3322 coneturque
1626 3259 1747 3324 pro
1790 3236 2038 3302 viribus
2075 3237 2354 3302 alterum
2399 3236 2568 3304 Con·

144 3338 391 3424 jugem
434 3359 471 3400 a
509 3356 669 3401 vera
708 3335 879 3402 Fide
938 3335 1352 3401 deerrantem
1416 3335 1502 3400 ad
1553 3334 1880 3421 gremium
1921 3335 2300 3402 Catholicae
2341 3337 2564 3404 Eccle-

154 3436 303 3502 siae
346 3436 731 3524 pertrahere
750 3489 770 3522 ,
836 3439 1109 3524 ejusque
1152 3436 1461 3502 Animam
1523 3435 1760 3501 lucrari
1787 3482 1808 3517 ,
1871 3436 2046 3523 quod
2091 3459 2288 3524 porro
2327 3437 2415 3502 ad
2458 3459 2567 3504 ve-

150 3536 339 3603 niam
368 3535 465 3604 de
510 3546 765 3624 patrato
828 3537 1097 3604 crimine
1154 3537 1632 3625 impetrandam
1687 3537 2304 3624 opportunissimum
2374 3537 2569 3623 foret,

156 3635 380 3704 sciens
424 3633 507 3700 de
554 3645 773 3702 cetero
795 3685 816 3720 ,
858 3647 933 3702 ut
976 3659 1132 3702 mox
1178 3637 1419 3702 dictum
1466 3647 1565 3702 est
1579 3685 1600 3719 ,
1651 3658 1732 3712 se
1771 3637 1958 3703 istius
1992 3637 2389 3704 Matrimonii
2428 3637 2568 3704 vin-

154 3735 311 3801 culo
354 3744 673 3823 perpetuo
714 3737 988 3823 ligatum
1035 3737 1135 3802 iri.

330 3837 389 3917 §.
438 3837 500 3901 4.
586 3835 701 3902 Ad
740 3838 905 3903 haec
948 3837 1235 3904 declarat
1281 3837 1602 3907 Sanctitas
1641 3835 1814 3921 Sua,
1872 3848 1945 3904 ut
1985 3837 2304 3927 quidquid
2351 3837 2566 3902 hacto-

150 3957 287 4001 nus
328 3934 643 4000 sancitum
662 3984 683 4018 ,
731 3936 1107 4022 dictumque
1154 3946 1257 4000 est
1295 3937 1379 4001 de
1422 3937 1852 4002 Matrimoniis
1897 3938 2036 4003 sive
2077 3939 2160 4002 ab
2199 3936 2566 4002 Haereticis

152 4038 333 4102 inter
376 4057 468 4117 se,
512 4033 649 4100 sive
692 4035 867 4102 inter
904 4035 1295 4120 Catholicos,
1338 4047 1403 4102 et
1443 4037 1834 4104 Haereticos
1873 4036 2048 4102 initis
2095 4037 2164 4102 in
2203 4037 2366 4102 locis
2393 4035 2559 4102 Foe-

154 4135 542 4200 deratorum
586 4133 909 4202 Ordinum
954 4136 1243 4202 dominio
1284 4136 1353 4202 in
1392 4137 1632 4224 Belgio
1676 4137 2004 4222 subjectis,
2049 4137 2388 4218 sancitum,
2429 4137 2562 4202 dic-

154 4245 435 4320 tumque
488 4235 897 4321 intelligatur
940 4238 1137 4302 etiam
1198 4237 1283 4303 de
1342 4237 1662 4304 similibus
1704 4236 2130 4303 Matrimoniis
2171 4247 2357 4304 extra
2397 4238 2561 4303 fines

154 4336 459 4403 Dominii
492 4336 875 4402 eorumdem
903 4337 1419 4404 Foederatorum
1440 4337 1765 4404 Ordinum
1809 4337 2152 4402 contractis
2185 4340 2266 4402 ab
2308 4338 2410 4422 iis,
2455 4337 2568 4425 qui

154 4435 407 4504 addicti
450 4445 598 4502 sunt
642 4435 1067 4523 Legionibus,
1108 4459 1229 4504 seu
1270 4437 1662 4506 Militaribus
1705 4437 1954 4526 Copiis,
2003 4458 2169 4524 quae
2207 4438 2290 4504 ab
2333 4437 2568 4504 iisdem
