2959 4984
402 281 511 339 ωθ
828 305 837 315 ·
940 283 1185 336 Lxxlx.
1256 281 1604 338 nummu:
1639 283 2206 338 caucnhualm.

405 451 581 538 gulis
620 449 759 517 ullo
798 449 993 518 modo
1014 501 1035 536 ,
1090 459 1157 517 et
1198 473 1286 518 ex
1336 453 1562 542 quavis
1607 473 1820 538 causa,
1875 455 1988 518 vel
2028 461 2376 542 praetextu
2415 457 2802 544 permittitur

406 555 657 618 fructus
708 560 944 637 certos,
990 552 1103 616 vel
1140 552 1427 620 incertos
1447 602 1468 636 ‚
1506 555 1674 640 jura,
1735 554 2160 620 obventiones
2178 603 2198 637 ‚
2267 563 2334 619 et
2375 557 2804 622 emolumenta

405 673 849 742 quaecumque
888 653 1327 736 quorumlibet
1368 653 1840 719 beneficiorum
1904 675 2026 742 per
2069 676 2184 722 eos
2243 656 2664 720 obtentorum
2701 677 2802 719 an-

407 751 693 840 ticipatis
742 751 1166 818 solutionibus
1187 801 1209 836 ,
1278 753 1448 818 ultra
1489 753 1758 818 unicum
1799 775 2036 820 annum
2079 755 2338 822 elocare
2358 805 2380 838 ,
2435 755 2806 836 arrendere,

410 850 496 917 ad
542 850 829 933 firmam,
888 852 1000 917 vel
1041 853 1536 942 responsionem
1577 853 1946 920 concedere
1967 905 1986 939 ,
2039 855 2152 920 vel
2213 877 2326 922 eos
2377 855 2460 922 ad
2517 857 2806 920 favorem

404 973 959 1040 quarumcumque
1002 972 1431 1042 personarum
1493 953 1984 1042 quomodolibet
2041 955 2337 1040 obligare
2367 1007 2388 1040 ,
2449 957 2564 1022 vel
2603 957 2804 1044 hypo-

402 1052 687 1138 thecare,
732 1050 801 1116 in
846 1051 1129 1118 solutum
1170 1051 1331 1118 dare
1347 1103 1369 1136 ,
1413 1063 1526 1118 aut
1573 1052 1658 1118 de
1699 1053 1793 1118 eis
1840 1053 2364 1141 quomodolibet,
2407 1064 2476 1120 et
2517 1077 2610 1122 ex
2651 1079 2798 1143 qua-

403 1151 504 1218 vis
548 1173 741 1218 causa
781 1151 1128 1239 disponere
1168 1174 1293 1240 pro
1334 1160 1632 1244 tempore
1645 1204 1666 1237 ,
1723 1153 1807 1218 ad
1842 1153 2046 1218 vitam
2099 1155 2681 1240 beneficiatorum,
2745 1163 2806 1218 et

406 1263 667 1344 tempus
710 1273 841 1339 quo
896 1250 1217 1317 beneficia
1255 1252 1628 1338 hujusmodi
1682 1253 2116 1338 obtinuerint,
2179 1254 2446 1319 minime
2487 1255 2807 1335 restricto,

406 1363 473 1420 et
512 1361 840 1420 coarctato
882 1352 1149 1418 illorum
1186 1361 1418 1419 tenore
1460 1362 1588 1418 etc.
1669 1353 2058 1420 Decernens
2097 1353 2354 1420 irritum
2397 1363 2528 1420 etc.

572 1455 633 1536 5.
676 1455 775 1518 70.
858 1452 1051 1536 Item,
1098 1474 1249 1518 cum
1292 1451 1364 1519 S.
1410 1453 1490 1520 R.
1529 1453 1608 1520 E.
1653 1453 2016 1520 cardinales
2071 1451 2198 1522 SS.
2236 1455 2324 1520 D.
2365 1454 2452 1520 N.
2495 1456 2808 1536 assistant,

406 1577 485 1622 ac
541 1559 893 1644 propterea
948 1551 1229 1618 debeant
1295 1553 1686 1641 specialibus
1747 1552 2221 1641 praerogativis
2247 1603 2268 1638 ,
2329 1562 2396 1618 et
2449 1553 2808 1641 privilegiis

409 1654 735 1742 gaudere,
776 1652 953 1718 idem
999 1653 1085 1718 D.
1126 1651 1212 1718 N.
1255 1653 1510 1737 statuit,
1556 1653 1901 1737 ordinavit,
1943 1653 2240 1720 decrevit
2261 1705 2280 1740 ,
2330 1661 2396 1720 et
2437 1653 2806 1736 declaravit,

412 1753 588 1844 quod
620 1754 692 1818 in
738 1753 1255 1842 quibuscumque
1300 1753 1889 1838 constitutionibus,
1933 1763 1998 1818 et
2041 1753 2292 1841 regulis
2335 1774 2460 1844 per
2498 1752 2808 1822 Sanctita-

410 1864 545 1920 tem
584 1850 791 1920 Suam
834 1852 1109 1919 edendis
1150 1873 1285 1920 non
1330 1853 1974 1942 comprehendantur
1999 1903 2022 1938 ‚
2075 1875 2291 1941 neque
2350 1852 2802 1942 comprehensi

414 1963 801 2020 censeantur
836 1954 961 2042 ipsi
1003 1955 1400 2038 cardinales,
1456 1955 1584 2020 nisi
1627 1953 1778 2020 illae
1823 1954 2206 2020 eorumdem
2255 1955 2692 2020 cardinalium
2729 1954 2808 2018 fa-

408 2069 635 2120 vorem
700 2061 1097 2119 concernant
1119 2105 1139 2139 ,
1206 2054 1319 2119 vel
1378 2053 1873 2120 constitutiones
1933 2053 2228 2120 edendae
2285 2053 2368 2118 de
2433 2051 2808 2120 eorumdem

410 2152 869 2237 cardinalium,
929 2153 1041 2218 vel
1101 2153 1361 2242 majoris
1420 2153 1624 2242 partis
1681 2174 1907 2218 eorum
1966 2153 2236 2218 consilio
2293 2151 2506 2217 editae
2551 2151 2806 2232 fuerint,

409 2275 526 2320 seu
564 2254 635 2320 in
680 2253 931 2320 eisdem
970 2253 1221 2340 regulis
1244 2305 1263 2340 ,
1324 2262 1391 2318 et
1446 2253 2016 2319 constitutionibus
2063 2253 2234 2319 facta
2277 2252 2476 2318 fuerit
2519 2252 2804 2340 ipsorum

412 2354 837 2422 cardinalium
878 2375 1191 2444 expressa
1234 2355 1500 2419 mentio.

580 2455 642 2537 g.
686 2455 786 2520 71.
872 2454 1043 2520 Item
1087 2452 1413 2521 Sanctitas
1438 2449 1576 2520 Sua
1605 2450 1846 2534 statuit,
1892 2457 1958 2515 et
2001 2449 2374 2535 declaravit,
2418 2451 2598 2536 quod
2633 2471 2799 2540 prac-

410 2553 644 2638 missis,
688 2563 755 2620 et
796 2551 1125 2639 quibusvis
1169 2553 1311 2618 aliis
1358 2551 1610 2638 regulis
1629 2548 2076 2630 Cancellariae
2119 2571 2236 2614 suo
2279 2557 2586 2639 tempore
2619 2549 2800 2616 eden-

412 2655 546 2740 dis,
612 2665 679 2720 et
717 2653 1130 2742 publicandis
1151 2705 1173 2738 ,
1230 2675 1584 2740 numquam
1625 2659 1968 2717 censeatur
2011 2649 2396 2736 derogatum
2435 2651 2506 2716 in
2549 2650 2798 2740 quibus-

410 2775 689 2843 cumque
733 2753 1319 2838 constitutionibus,
1360 2753 1589 2837 literis,
1629 2751 1958 2834 brevibus,
2002 2747 2293 2835 indultis,
2337 2755 2404 2816 e't
2444 2750 2591 2818 aliis
2640 2748 2794 2817 ordi-

415 2855 781 2921 nationibus
823 2854 1229 2942 apostolicis,
1272 2853 1466 2919 etiam
1509 2861 1690 2918 motu
1731 2849 2034 2939 proprio,
2077 2859 2142 2915 et
2187 2871 2274 2916 ex
2316 2860 2495 2916 certa
2537 2849 2800 2918 scientia

417 2955 728 3020 emanatis
745 3005 765 3039 ‚
806 2975 929 3042 per
969 2973 1419 3042 quaecumque
1460 2954 1696 3036 verba,
1738 2960 1806 3016 et
1845 2950 2113 3015 decreta
2155 2950 2572 3036 derogatoria
2583 3003 2606 3036 ,
2672 2951 2796 3016 irri-

412 3055 632 3138 tantia,
673 3053 1067 3119 universalia
1089 3104 1109 3138 ‚
1156 3061 1223 3118 et
1266 3052 1666 3142 amplissima
1681 3102 1700 3137 ,
1743 3059 1810 3118 et
1852 3050 2173 3116 clausulas
2222 3050 2636 3139 quantumvis
2679 3049 2798 3116 effi-

414 3153 783 3220 cacissimas
799 3205 819 3239 ‚
863 3153 1061 3219 etiam
1105 3152 1668 3241 derogatoriarum
1707 3150 2155 3238 derogatorias
2171 3203 2190 3235 ,
2250 3159 2448 3236 atque
2490 3151 2798 3239 specialis,

416 3261 484 3320 et
520 3253 897 3319 individuae
956 3253 1395 3342 expressionis
1438 3252 1576 3317 vim
1621 3251 1934 3317 habentes
1955 3301 1974 3336 ,
2019 3259 2086 3316 et
2123 3249 2443 3336 habentia,
2479 3253 2607 3316 nisi
2647 3251 2799 3315 facta

414 3352 613 3418 fuerit
656 3354 738 3418 de
783 3353 913 3419 illis
958 3375 1271 3442 expressa
1310 3353 1581 3437 mentio,
1625 3359 1694 3417 et
1735 3373 1868 3416 non
1908 3350 2115 3435 aliter,
2161 3371 2286 3416 nec
2327 3351 2454 3415 alio
2495 3351 2706 3417 modo.

581 3455 641 3535 ἓ.
680 3453 779 3519 72.
863 3453 970 3519 De
1024 3461 1346 3542 potestate
1392 3453 1553 3520 Rev·
1600 3453 1688 3521 D.
1732 3450 2278 3516 Vicecancellarii
2343 3459 2414 3515 et
2482 3448 2794 3517 cancella-

414 3553 577 3621 riam
596 3553 932 3641 Regentis.
971 3553 1215 3637 Primo,
1266 3553 1443 3638 quod
1466 3553 1674 3642 possit
1711 3550 2120 3616 committere
2163 3549 2640 3618 absolutionem
2671 3549 2795 3614 illo-

416 3677 584 3739 rum,
630 3655 739 3744 qui
784 3654 1163 3742 ignoranter
1204 3653 1274 3719 in
1306 3651 1912 3742 supplicationibus,
1951 3651 2062 3715 vel
2103 3650 2172 3716 in
2205 3650 2412 3718 literis
2441 3648 2797 3739 'apostolicis
2923 3721 2925 3724 Α

416 3753 665 3839 aliquid
709 3756 1092 3837 scriberent,
1134 3753 1566 3840 corrigerent,
1609 3751 1718 3816 vel
1765 3751 2081 3816 delerent.

580 3854 789 3939 Item,
836 3854 1013 3940 quod
1055 3854 1261 3942 possit
1303 3853 1638 3938 corrigere
1679 3851 1942 3918 nomina
1969 3900 1990 3934 ,
2049 3859 2118 3915 et
2157 3849 2549 3937 cognomina
2589 3861 2796 3938 perso·

414 3977 664 4039 narum,
706 3977 839 4020 non
884 3965 1105 4020 tamen
1148 3975 1393 4039 eorum,
1437 3955 1670 4043 quibus
1712 3955 1982 4041 gratiae,
2028 3964 2093 4018 et
2137 3951 2592 4018 concessiones
2629 3951 2792 4028 fiunt,

414 4077 491 4121 ac
538 4055 1031 4141 beneficiorum,
1076 4055 1232 4121 dum
1274 4064 1493 4120 tamen
1538 4053 1620 4120 de
1668 4073 1944 4138 corpore
1990 4062 2262 4118 constet.

589 4157 784 4240 Item,
833 4157 1009 4241 quod
1050 4155 1258 4245 possit
1300 4176 1524 4221 omnes
1556 4177 1782 4220 causas
1829 4153 2265 4237 beneficiales,
2309 4151 2506 4218 etiam
2547 4171 2678 4216 non
2701 4146 2792 4210 de-

415 4258 692 4340 volutas,
739 4257 1147 4322 committere
1192 4257 1261 4321 in
1311 4257 1512 4340 curia,
1555 4277 1704 4320 cum
1746 4263 2066 4344 potestate
2111 4251 2353 4320 citandi
2395 4250 2479 4317 ad
2522 4259 2748 4338 partes.

586 4356 778 4440 Item,
824 4357 999 4443 quod
1035 4377 1381 4444 processus
1424 4355 1782 4444 apostolica
1825 4353 2202 4422 auctoritate
2239 4351 2540 4418 decretos
2584 4369 2791 4438 aggra-

414 4474 569 4517 vare
608 4453 817 4538 possit
858 4477 1007 4518 cum
1042 4456 1451 4522 invocatione
1476 4455 1729 4522 brachii
1762 4455 2132 4538 saecularis,
2173 4462 2242 4520 et
2277 4450 2632 4519 sententias
2663 4465 2792 4514 exe-
