2959 4984
500 309 799 360 XXXVIII.
872 308 1118 360 BULLA
1159 309 1298 358 PRO
1337 309 1585 361 REGNO
1622 307 2019 363 BORUSSIGO
2064 312 2127 362 A·
2169 309 2323 363 1821.
2510 310 2619 366 245

211 475 353 554 buS,
399 493 596 558 quam
643 471 753 557 qui
797 469 1032 536 futuris
1075 491 1300 535 eorum
1337 470 1482 534 loco
1530 470 1938 558 assignantur
1958 523 1979 558 ,
2024 475 2277 540 nullum
2319 475 2427 542 isti
2465 477 2615 542 red-

215 573 468 638 dituum
515 582 935 660 augmentum
980 579 1456 656 consequentur
1482 621 1503 654 ,
1567 571 1689 636 nisi
1730 575 1811 638 ab
1856 565 2280 659 Exequutore
2329 576 2613 665 Aposto-

207 673 336 738 lico
385 673 762 758 singulatim
801 673 1120 739 similibus
1163 671 1581 760 amplioribus
1626 672 1989 740 redditibus
2034 675 2253 741 donati
2294 677 2555 744 fuerint.

389 773 633 858 (XXI.)
718 773 966 839 Futuro
1006 782 1222 838 autem
1269 782 1601 861 tempore,
1648 795 1722 838 ac
1764 775 2140 840 successivis
2182 779 2643 852 vacationibus

209 898 250 938 a
289 873 502 939 Nobis
546 883 612 941 et
658 874 965 942 Romanis
1013 873 1438 938 Pontificibus
1487 870 1986 940 successoribus
2030 873 2287 942 Nostris
2326 865 2610 968 Praepo—

212 973 434 1058 situra,
483 997 648 1060 quae
689 975 899 1041 Maior
961 982 1111 1062 post
1153 973 1603 1040 Pontificalem
1648 974 1951 1060 Dignitas
1988 974 2058 1040 in
2102 998 2611 1064 supramemora-

203 1074 288 1139 tis
356 1074 1078 1164 ArchiepiscopalibuS,
1150 1083 1216 1139 et
1253 1073 1749 1162 Episcopalibus
1806 1073 2151 1160 Ecclesiis,
2210 1099 2333 1142 nec
2370 1082 2611 1146 nonin

211 1176 491 1240 ecclesia
529 1174 1048 1261 Aquisgranensi
1087 1175 1158 1240 in
1209 1173 1641 1259 Collegiatam
1681 1183 1755 1238 ut
1795 1175 1965 1240 infra
2012 1175 2358 1262 erigenda,
2422 1179 2607 1246 item-

205 1298 336 1362 que
379 1275 805 1341 Canoni-catus
840 1276 920 1339 in·
952 1274 1286 1340 Mensibus
1327 1273 1628 1357 Ianuarii,
1671 1273 1927 1358 Martii,
1970 1275 2166 1359 Maii,
2208 1277 2393 1362 Iulii,
2439 1277 2607 1370 Sep-

205 1376 476 1441 tembris
502 1426 522 1458 ,
567 1399 640 1440 ac
678 1375 1068 1442 Novembris
1113 1374 1182 1439 in
1225 1373 1531 1462 praefatis
1571 1373 1884 1440 Ecclesiis
1928 1386 2229 1442 vacantes
2270 1379 2605 1445 conferen-

205 1484 314 1540 tur
367 1475 911 1560 quemadmodum
977 1475 1048 1539 in
1089 1473 1388 1562 Capitulo
1430 1473 1955 1540 wratislaviensi
2013 1476 2323 1543 hactenus
2365 1479 2604 1546 factum

207 1583 350 1641 est:
413 1577 590 1660 quod
645 1599 799 1641 vero
857 1576 942 1640 ad
983 1575 1350 1640 Decanatus
1411 1573 1481 1638 111
1538 1574 1886 1662 praedictis
1931 1575 2493 1694 MetropolitaniS,
2536 1591 2603 1646 et

207 1673 708 1743 Cathedralibus
761 1675 1112 1758 Ecclesiis,
1173 1683 1236 1739 et
1277 1674 1363 1739 ad
1410 1673 1839 1740 Canonicatus
1885 1684 2015 1741 tam
2058 1677 2127 1741 in
2166 1677 2359 1766 ipsis,
2412 1701 2605 1769 quam

203 1775 277 1840 in
319 1776 490 1840 dicta
515 1776 1032 1863 Aquisgranensi
1077 1775 1430 1840 Ecclesia
1410 1799 1478 1840 111
1504 1764 1932 1862 Collegiatam
1974 1775 2369 1863 erigenda,
2348 1802 2419 1844 m
2460 1781 2601 1846 aliis

203 1899 331 1942 sex
371 1877 697 1943 mensibus
747 1886 1047 1942 vacantes
1087 1877 1166 1940 ab
1191 1875 1723 1964 Aichiepiscopis
1771 1884 1835 1941 e't
1859 1875 2201 1969 Episcopis
2240 1883 2629 1970 respective·

203 1977 640 2042 conferentur.
681 1978 1044 2042 Vicariatus
1110 1984 1368 2059 autem,
1439 1997 1572 2041 seu
1599 1976 1688 2041 Pi
1692 1978 2083 2044 aebendatus
2146 1980 2213 2046 in
2258 1983 2603 2070 praedictis

199 2076 518 2142 Ecclesiis
563 2082 965 2162 quocumque
1011 2097 1234 2140 mense
1281 2084 1667 2142 vacaverant
1706 2078 2219 2165 respectivorum
2256 2082 2602 2173 Archiepi-

202 2198 553 2264 scoporum
596 2187 664 2242 et
703 2177 1177 2265 Episcoporum
1222 2176 1548 2240 collationi
1592 2177 2037 2264 relinquimus.

373 2275 654 2362 (ΧΧΠ.)
739 2278 904 2343 Rem
964 2276 1244 2362 denique
1303 2275 1693 2342 Germaniae
1749 2279 2215 2364 gratissimam,
2280 2279 2601 2368 simulque

197 2376 624 2467 praelaudato
681 2371 1026 2442 Borussiae
1085 2376 1256 2464 Regi
1315 2365 1858 2466 acceptissimam,
1919 2379 2060 2445 Nos
2125 2402 2266 2445 esse
2322 2381 2604 2448 facturos

199 2476 585 2560 iudicantes,
633 2477 685 2542 si
733 2479 1180 2544 electionum
1161 2500 1304 2542 lure
1343 2478 1412 2542 in
1437 2478 1950 2546 Transrhenanis
1979 2480 2289 2546 Ecclesiis
2324 2489 2601 2567 retent0,

203 2601 282 2642 ac
339 2577 758 2662 confirmatO,
826 2589 892 2643 et
947 2579 1016 2644 in
1069 2577 1486 2644 Cisrhenanis
1536 2589 1783 2644 cessato
1830 2602 1951 2668 per
1996 2580 2409 2670 Apostolicas
2450 2581 2599 2647 Dis-

197 2676 560 2766 positiones
602 2679 751 2744 anni
793 2678 1120 2744 millesimi
1165 2679 1685 2764 octingentesimi
1714 2680 1927 2768 primi,
1973 2705 2143 2747 nunc
2170 2682 2239 2746 in
2266 2681 2425 2770 ipsis
2458 2680 2595 2748 Cis-

197 2777 504 2842 rhenanis
545 2779 972 2844 Dioecesibus
1015 2778 1288 2868 praefati
1332 2779 1537 2866 Regis
1579 2780 1952 2868 Temporali
1994 2780 2301 2846 Dominio
2346 2781 2593 2846 subiec-

200 2879 308 2962 tis,
335 2879 512 2944 idem
544 2877 644 2944 ius
681 2879 1012 2944 electionis
1043 2879 1549 2965 redintegretur,
1594 2880 1804 2965 quoad
1838 2880 2136 2968 Capitula
2162 2881 2601 2947 Ecclesiarum

200 2978 289 3042 ad
345 2976 760 3044 Germaniam
824 2979 1319 3066 pertinentium,
1384 2999 1621 3066 nempe
1667 2977 2073 3058 Coloniensis
2090 3029 2109 3064 ,
2173 2983 2598 3068 Trevirensis,

199 3078 792 3162 wratislaviensis,
849 3078 1406 3144 Paderbornensis
1451 3088 1517 3144 ct
1563 3079 2089 3148 Monasteriensis
2104 3132 2124 3167 ,
2173 3083 2600 3170 decernimus,

199 3201 278 3241 ac
323 3177 678 3260 statuimus,
707 3178 900 3263 -quod
942 3178 1066 3242 alia
1097 3201 1497 3264 quacumque
1526 3179 1773 3244 ratione
1806 3182 1915 3245 vel
1946 3183 2430 3269 consuetudine,
2470 3207 2594 3250 nec

194 3300 332 3344 non
355 3277 710 3360 electionis,
759 3286 823 3341 et
854 3277 1301 3364 postulationis
1345 3278 1735 3361 discrimine,
1776 3280 2258 3368 nobilitatisque
2280 3285 2587 3350 natalium

196 3378 581 3443 necessitate
617 3377 900 3460 sublatiS,
921 3376 1250 3464 Capitulis
1286 3379 1657 3466 praedictiS,
1691 3388 2031 3468 postquam
2074 3384 2439 3470 supradicta
2464 3407 2598 3452 me—

195 3479 402 3543 thodo
461 3478 836 3562 constituta,
901 3488 968 3543 et
1011 3479 1302 3544 ordinata
1343 3489 1551 3561 erunt,
1593 3481 1962 3546 facultatem
2003 3483 2341 3549 tribuimus
2353 3535 2373 3568 ,
2418 3495 2493 3550 ut
2530 3487 2599 3552 in

195 3579 472 3664 singulis
527 3579 786 3644 illarum
831 3579 1085 3644 sedium
1126 3580 1567 3645 vacationibus
1608 3603 1730 3670 per
1771 3581 2157 3647 Antistitum
2197 3584 2589 3670 respectivo-

193 3701 344 3744 rum
409 3678 654 3744 obitum
711 3688 896 3744 extra
938 3679 1290 3744 Romanam
1341 3678 1638 3765 Curiam,
1704 3683 1814 3747 vel
1874 3705 1993 3770 per
2062 3705 2283 3748 earum
2340 3683 2592 3748 sedium

193 3779 736 3866 resignationem,
803 3789 868 3844 et
923 3780 1392 3846 abdicationem
1459 3781 1763 3870 (excepto
1812 3791 2030 3849 tamen
2070 3783 2396 3872 praesenti
2443 3805 2594 3848 casu

193 3881 544 3946 vacationis
591 3880 1020 3963 Coloniensis,
1065 3904 1140 3946 ac
1165 3881 1570 3948 Trevirensis
1602 3882 2064 3968 Ecclesiarum)
2107 3884 2279 3950 infra
2322 3905 2590 3949 consue-

195 3989 332 4044 tum
356 3979 729 4045 Trimestris
775 3976 1052 4067 spatium
1077 3980 1470 4064 DignitateS,
1514 4005 1588 4046 ac
1616 3982 1924 4048 Canonici
1966 3983 2401 4072 capitulariter
2440 4004 2587 4049 con-

192 4080 476 4166 gregati,
521 4088 592 4143 et
625 4080 894 4145 servatis
941 4079 1282 4146 Canonicis
1323 4081 1574 4167 regulis
1618 4105 1821 4148 novos
1867 4083 2212 4148 Antistites
2258 4107 2343 4150 cx
2369 4083 2593 4148 Eccle-

199 4181 405 4246 siastis
440 4180 927 4266 quibuscunque
955 4180 1110 4244 viris
1132 4164 1348 4266 Regni
1371 4181 1702 4247 Borusslc1
1720 4173 1967 4265 mcth,
2000 4183 2217 4269 dignis
2255 4193 2489 4264 tamen,
2534 4194 2599 4249 et

191 4281 376 4345 iuxta
406 4279 765 4347 Canonicas
805 4280 1164 4345 sanctiones
1198 4279 1452 4346 idoneis
1512 4283 1781 4347 servatis
1822 4283 2153 4348 servandis
2195 4283 2277 4348 ad
2318 4284 2591 4350 formam

191 4402 518 4444 sacrorum
544 4377 882 4444 Canonum
917 4380 1165 4465 eligere
1203 4379 1485 4466 possint3
1520 4381 1603 4446 ad
1656 4383 2027 4448 huiusmodi
2048 4392 2265 4450 autem
2292 4385 2572 4451 Electio·

185 4500 306 4544 nes
341 4479 444 4544 ius
487 4478 784 4564 suffragii
834 4481 1160 4545 habebunt
1204 4478 1512 4546 Canonici
1530 4530 1549 4564 ,
1592 4491 1722 4546 tam
1761 4474 2135 4550 Numerarii
2147 4535 2168 4571 ,
2210 4508 2401 4573 quam
2440 4479 2574 4554 Hoss
