2959 4984
415 287 521 344 872
640 287 833 339 val.
907 286 1152 339 BULLA
1187 286 1777 343 CONVEN'PIONEM
1816 288 2281 343 consumans
2318 292 2384 343 A.
2420 288 2579 345 1857.

415 454 604 521 locati
659 454 1032 521 universam
1085 449 1466 518 catholicam
1526 448 1890 517 Ecclesiam
1948 449 2159 516 Nobis
2217 452 2298 517 ab
2356 452 2501 539 ipso
2548 450 2813 517 Christo

415 556 702 623 Domino
743 554 1149 624 commissam
1186 573 1426 639 regere
1467 574 1544 619 ac
1586 549 1797 633 tutari,
1846 550 2115 637 ejusque
2142 552 2507 635 utilitatem,
2542 574 2816 641 prospe-

417 656 804 741 ritatemque
850 654 988 722 sine
1031 652 1513 719 intermissione
1533 700 1555 737 ,
1604 650 1885 735 totisque
1923 650 2171 717 viribus
2220 652 2389 720 tueri
2430 662 2495 719 et
2540 652 2818 740 amplifi-

418 778 566 820 care
610 756 961 821 debeamus
975 805 1001 838 ,
1067 762 1208 822 tum
1245 750 1669 843 Apostolieae
1714 750 1995 820 Nostrae
2036 750 2419 837 vigilantiae
2458 776 2650 821 curas
2666 804 2687 838 ,
2752 777 2821 819 ac

415 856 882 921 sollicitudines
924 856 1008 921 ad
1057 852 1523 919 ecclesiasticas
1566 849 1921 939 superioris
1962 851 2179 917 Rheni
2224 854 2597 941 provincias
2648 853 2821 917 omni

419 954 634 1021 studio
695 955 1168 1038 convertimus,
1231 961 1308 1017 ut
1361 951 1453 1017 ibi
1520 949 1923 1027 sanctissima
1978 960 2203 1027 nostra
2257 952 2519 1039 Religio
2580 953 2823 1039 majora
2866 1008 2873 1015 .

416 1076 676 1144 semper
715 1054 1115 1134 incrementa
1159 1051 1503 1141 suscipiat,
1578 1074 1652 1117 ac
1708 1050 1918 1137 magis
1974 1049 2044 1116 in
2102 1050 2243 1117 dies
2305 1076 2633 1142 prospere
2680 1053 2819 1119 feli-

415 1156 704 1242 citerque
745 1156 966 1243 vigeat
1009 1164 1075 1220 et
1119 1154 1503 1219 efflorescat.
1593 1150 1737 1231 Etsi
1780 1152 1991 1235 enim,
2038 1152 2242 1218 veluti
2288 1176 2513 1221 omnes
2558 1162 2820 1237 norunt,

411 1257 799 1325 recolendae
864 1253 1220 1321 memoriae
1277 1253 1681 1318 Decessores
1738 1250 1966 1317 Nostri
2026 1252 2181 1319 Pius
2244 1254 2640 1343 praesertim
2687 1254 2819 1319 VH

413 1359 544 1424 suis
588 1355 989 1446 Apostolicis
1027 1353 1294 1419 Litteris
1338 1352 1546 1418 XVII
1580 1350 1917 1419 Kalendas
1962 1355 2349 1443 septembris
2394 1379 2565 1421 anno
2612 1356 2818 1421 mille-

410 1459 574 1525 simo
623 1456 1162 1543 octingentesimo
1200 1453 1521 1539 vigesimo
1564 1453 1775 1542 primo
1820 1456 1939 1521 sub
1980 1454 2247 1541 plumbo
2292 1456 2459 1521 d'atis'
2477 1506 2499 1540 ,
2544 1465 2623 1521 et
2666 1454 2819 1521 inci-

411 1558 742 1648 pientibus
784 1556 1108 1638 „Provida
1149 1555 1527 1639 solersque“
1572 1576 1648 1619 ac
1688 1554 1827 1621 Leo
1868 1554 2011 1620 ΧΠ
2048 1577 2169 1645 per
2207 1556 2362 1621 alias
2404 1556 2663 1622 similes
2692 1555 2820 1621 Lit-

411 1664 604 1726 teras*
625 1657 736 1724 ΠΙ
771 1657 931 1723 Idus
975 1655 1230 1745 Aprilis
1281 1676 1448 1720 anno
1500 1654 1846 1721 millesimo
1904 1656 2447 1743 octingentesimo
2490 1656 2819 1744 vigesimo

411 1760 686 1848 septimo
733 1758 959 1843 editaS,
1005 1780 1276 1843 quarum
1315 1756 1574 1821 initium
1620 1756 1773 1837 „Ad
1798 1755 2127 1822 Dominici
2156 1757 2385 1845 gregis
2410 1756 2815 1823 custodian&

411 1859 860 1925 ecclesiasticis
905 1858 1282 1925 earumdem
1319 1856 1799 1947 provinciarum
1836 1858 2143 1945 negotiis,
2188 1868 2257 1923 et
2294 1858 2626 1947 spirituali
2670 1857 2811 1922 illo-

410 1984 556 2027 rum
597 1961 894 2027 fidelium
919 1964 1093 2027 bono
1121 1969 1416 2027 accurate
1443 1958 1786 2025 consulere
1816 1959 2228 2043 studuerunt,
2267 1968 2486 2025 tamen
2512 1958 2817 2047 apprime

411 2064 961 2150 cognoscebamus
1006 2064 1089 2128 ob
1131 2084 1355 2128 rerum
1395 2084 1473 2126 ac
1514 2060 1886 2148 temporum
1926 2059 2399 2128 vicissitudines
2434 2058 2655 2125 Nobis
2701 2057 2821 2123 alia

413 2164 674 2230 omnino
721 2162 1132 2251 suscipienda
1175 2185 1319 2229 esse
1367 2162 1637 2229 consilia
1677 2162 1815 2227 tum‘
1856 2161 1940 2225 ad
1985 2162 2299 2247 majorem
2335 2158 2611 2226 illorum
2659 2160 2816 2225 fide-

409 2266 570 2329 lium
609 2264 953 2330 utilitatem
993 2263 1484 2352 procurandam,
1526 2272 1666 2330 tum
1710 2262 1797 2327 ad
1840 2282 1949 2326 eas
1990 2260 2423 2325 removendas
2468 2260 2817 2325 difficulta-

410 2376 508 2433 tes
526 2414 546 2448 ,
614 2387 778 2451 quae
837 2365 1082 2433 ultimis
1139 2365 1320 2431 hisce
1381 2363 1733 2452 praecipue
1776 2359 2201 2451 temporibus·
2222 2369 2493 2428 exortae
2532 2360 2816 2425 fuerant.

409 2466 642 2552 Itaque
687 2484 936 2533 summo
983 2464 1223 2552 gaudio
1266 2465 1480 2529 affecti
1518 2464 1762 2537 fuimus
1806 2462 1917 2531 ubi
1952 2460 2426 2529 Serenissimus
2470 2482 2547 2529 ac
2572 2460 2812 2527 Poten-

407 2566 693 2632 tissimus
755 2566 1070 2654 Princeps
1153 2564 1523 2633 Gulielmus
1580 2564 1617 2631 I
1666 2564 2171 2649 Virtembergae
2234 2562 2383 2629 Rex
2436 2560 2729 2628 Illustris
2782 2584 2817 2625 a

408 2666 616 2736 Nobis
677 2667 1088 2753 efflagitavit,
1148 2675 1223 2731 ut
1285 2664 1722 2731 ecelesiastica
1782 2664 1855 2729 in
1892 2684 2007 2732 suo
2050 2664 2285 2749 Regno
2328 2660 2601 2749 negotia
2644 2682 2811 2727 com-

411 2786 660 2854 ponere
706 2767 1046 2833 vellemus.
1099 2764 1422 2849 Quocirca
1461 2763 1761 2849 ejusdem
1802 2760 2224 2831 Serenissimi
2262 2760 2585 2850 Principis
2616 2761 2815 2843 vetis,

411 2886 574 2949 quae
621 2874 688 2930 et
711 2865 953 2931 Nostra
994 2875 1144 2931 vota
1187 2874 1372 2931 erant
1405 2863 1715 2931 diuturna
1752 2871 1817 2932 et
1844 2861 2342 2951 impensissima,
2380 2884 2574 2948 quam
2609 2862 2812 2929 liben-

409 2964 658 3029 tissime
701 2966 1236 3051 obsecundantes,
1275 2967 1453 3031 nulla
1486 2964 1869 3055 interposita
1904 2984 2104 3047 mora,
2126 2985 2294 3028 cum
2328 2962 2471 3051 ipso
2510 2962 2811 3031 Conven-

409 3066 656 3131 tionem
712 3064 1061 3132 ineundam
1119 3064 1651 3131 existimavimus
1738 3063 1960 3149 Atque
2016 3062 2171 3142 huic
2225 3061 2615 3153 gravissimo
2659 3082 2813 3127 sane

409 3165 708 3253 negotios
733 3188 991 3230 manum
1047 3165 1254 3233 illico.
1285 3165 1747 3249 admoventeS,
1816 3164 2151 3233 Dilectum
2211 3161 2451 3229 Filium
2498 3162 2811 3229 Nostrum

417 3266 726 3331 Carolum
766 3265 1144 3353 Augustum
1191 3266 1262 3333 S.
1301 3267 1382 3333 R.
1423 3266 1503 3331 Ε.
1548 3266 2021 3351 Presbyterum
2068 3262 2484 3331 Cardinalem
2542 3264 2629 3343 de
2668 3263 2810 3331 Rei-

413 3366 566 3431 sach
603 3366 880 3453 pietate,
945 3367 1234 3433 doctrina
1278 3391 1352 3433 ac
1392 3365 1741 3455 prudentia
1780 3372 2174 3453 spectatum,
2245 3388 2389 3429 cum
2432 3362 2811 3430 necessariis

410 3464 818 3532 facultatibus
866 3474 932 3531 et
974 3464 1501 3535 instructionibus
1546 3464 2018 3558 deputavimus,
2066 3474 2139 3530 ut
2182 3488 2327 3531 cum
2354 3464 2619 3542 Dilecto
2649 3464 2810 3530 Filio

411 3560 639 3631 Nobili
675 3564 839 3631 Viro
884 3566 1131 3632 Adolfo
1171 3567 1381 3633 libero
1426 3565 1685 3633 Barone
1726 3568 1809 3631 de
1852 3566 1999 3649 Ow,
2042 3566 2151 3653 qui
2198 3566 2491 3653 ejusdem
2522 3564 2808 3630 Virtem-

407 3670 656 3753 bergae
695 3668 900 3753 Regis
955 3667 1132 3755 apud
1177 3666 1565 3735 Caesaream
1632 3677 1699 3732 et
1742 3667 2189 3756 Apostolicam
2232 3666 2645 3751 Majestatem
2692 3662 2809 3730 Mi-

412 3766 614 3833 nister
632 3766 1246 3855 Plenipotentiarius
1289 3768 1374 3835 ad
1405 3768 1547 3835 Nos
1590 3768 2001 3836 cumdiberis
2040 3768 2363 3841 mandatis
2396 3766 2637 3834 missus
2674 3767 2808 3831 fue-

409 3876 530 3950 rat,
571 3887 716 3934 rem
759 3887 1018 3935 omnem
1051 3868 1290 3935 sedulo·
1314 3869 1797 3957 diligenterque
1828 3868 2223 3955 necandam
2250 3876 2317 3934 et
2344 3866 2808 3935 conficiendam

413 3976 688 4033 curaret.
780 3968 868 4033 Et
925 3970 1228 4054 quoniam
1288 3972 1493 4059 probe
1560 3972 1987 4039 noscebamus
2053 3992 2179 4055 qua
2237 3967 2509 4055 egregia
2544 3966 2807 4053 justitia,

416 4068 758 4154 aequitate,
806 4078 872 4135 et
893 4070 1157 4149 ‚excelsi
1199 4070 1396 4135 animi
1437 4070 1908 4157 magnitudine,
1951 4080 2031 4145 et,
2061 4092 2187 4155 qua
2227 4090 2555 4159 propensa
2596 4068 2666 4133 in
2690 4066 2807 4132 Ca-

413 4169 688 4235 tholicos
732 4169 854 4236 sibi
899 4170 1188 4236 subditos
1233 4171 1568 4237 voluntate
1607 4170 1749 4259 ipse
1797 4168 2271 4238 Serenissimus
2310 4193 2387 4235 ac
2432 4166 2807 4235 Potentissi-

414 4292 557 4334 mus
603 4269 1106 4357 Virtembergae
1151 4273 1300 4339 Rex
1339 4282 1650 4359 praestet,
1684 4272 1928 4339 idcirco
1970 4271 2287 4354 maxima,
2333 4292 2407 4335 ac
2447 4292 2655 4358 prope
2700 4290 2807 4334 ex-

415 4370 674 4454 plorata
705 4392 821 4457 spe
861 4371 1224 4439 nitebamur
1263 4372 1426 4457 fore',
1465 4382 1541 4439 ut
1582 4394 1687 4441 res
1730 4372 1892 4462 ipsa,
1915 4372 2277 4439 ‘Deo-bene
2306 4372 2597 4458 juvante,
2622 4372 2808 4457 'juxta

415 4466 660 4533 Nostra
681 4468 1023 4536 ‘desideria
1061 4474 1147 4539 ad
1163 4476 1170 4485 '
1186 4473 1447 4542 felicem
1486 4474 1921 4541 adduceretur
1962 4473 2235 4541 exitum.¹
2279 4471 2515 4559 Neque
2552 4470 2806 4537 inanem
