2959 4984
404 308 496 357 vr.
572 306 871 359 aueum
909 304 1446 357 oueonoemffl
1479 264 1811 357 E‘mscom
1844 300 2217 355 uersutus.
2418 294 2493 351 45

115 468 238 535 aliis
271 468 656 536 utilitatibus
697 476 1044 555 occupatus
1083 490 1216 533 non
1249 466 1463 549 fuerit,
1508 475 1573 531 et
1614 467 1833 533 iubeat
1872 466 2101 553 legere
2140 462 2487 529 lectionem

119 567 186 633 de
235 570 605 637 tractatibus
621 618 642 651 ,
704 568 815 633 vel
857 567 1156 634 homilias
1197 574 1563 633 sanctorum
1602 577 1861 654 patrum
1906 587 2227 653 congruas
2243 612 2263 645 ,
2326 583 2489 646 quae

119 670 440 737 aedificent
477 670 834 751 audientes,
879 677 946 735 et
990 668 1218 733 doceat
1259 689 1370 732 eos
1411 668 1585 731 viam
1628 666 1886 749 salutis,
1956 666 2233 751 qualiter
2274 662 2359 727 ad
2397 661 2491 727 vi-

119 778 229 835 tam
265 778 598 835 aeternam
633 770 784 836 Deo
825 768 1178 836 auxiliante
1222 766 1625 855 perveniant.

261 870 454 937 Dicta
493 870 716 952 tertia,
783 869 836 935 si
895 868 1238 957 episcopus
1277 890 1412 933 uon
1453 865 1741 947 venerit,
1798 874 1953 931 tunc
1994 869 2341 952 presbyter
2386 886 2491 929 cu-

118 978 232 1033 stos
274 971 586 1037 ecclesiae
645 970 844 1035 sancti
886 966 1204 1057 Stephani
1260 968 1330 1032 in
1384 967 1559 1031 vices
1618 966 1794 1031 illius
1852 966 2035 1031 iuxta
2080 969 2497 1054 capacitatem

119 1091 280 1133 suam
337 1079 404 1133 et
463 1070 648 1154 legat
707 1078 772 1133 et
819 1069 1046 1135 doceat
1105 1091 1218 1135 eos
1273 1068 1444 1133 viam
1506 1066 1771 1131 salutis:
1834 1076 1901 1129 et
1954 1065 2175 1131 videat
2233 1067 2493 1131 omnino

119 1170 478 1255 presbyter,
520 1177 596 1233 ut
637 1169 796 1233 hora
839 1168 1180 1235 constituta
1198 1218 1218 1251 ,
1275 1168 1334 1233 si
1375 1167 1719 1256 episcopus
1762 1166 2009 1231 ibidem
2052 1188 2183 1231 non
2222 1168 2495 1249 venerit,

120 1290 236 1334 non
271 1276 642 1356 praetereat
676 1278 750 1333 ut
791 1270 916 1333 hoc
957 1269 1326 1355 adimpleat,
1369 1267 1547 1353 quod
1588 1267 1695 1333 hic
1732 1266 2043 1353 scriptum
2086 1274 2223 1349 est,
2274 1276 2341 1330 et
2372 1266 2499 1354 ipsi

125 1370 494 1455 presbytero
553 1368 990 1435 confessiones
1045 1390 1192 1433 suas
1255 1367 1357 1433 bis
1417 1368 1488 1432 in
1544 1390 1715 1433 anno
1760 1368 1997 1433 faciant
2033 1367 2160 1455 ipsi
2202 1369 2497 1433 matricu-

124 1465 286 1549 larii;
349 1492 480 1533 una
542 1468 686 1534 vice
725 1468 798 1534 in
837 1467 1366 1554 quadragesima3
1429 1468 1553 1533 alia
1604 1468 1675 1533 in
1714 1468 1915 1534 Missa
1950 1470 2150 1533 sancti
2192 1468 2493 1535 Remedii

125 1589 311 1651 usque
351 1568 422 1633 in
463 1567 804 1636 transitum
840 1568 1042 1633 sancti
1077 1566 1359 1633 Martini.
1397 1567 1487 1633 Et
1524 1569 1581 1631 si
1626 1570 1937 1635 suadente
1984 1569 2241 1635 diabolo
2282 1570 2497 1654 aliqua

126 1668 290 1751 vitia,
351 1669 655 1734 scandala
691 1669 863 1733 inter
902 1690 1014 1733 eos
1055 1677 1198 1733 orta
1243 1666 1488 1733 fuerint
1506 1717 1527 1749 ,
1580 1677 1655 1733 ut
1714 1691 1979 1735 necesse
2026 1669 2111 1734 sit
2154 1670 2499 1735 confessio-

129 1790 261 1833 nem
301 1792 482 1835 suam
530 1768 684 1833 dare
727 1769 838 1853 qui
871 1770 1000 1833 hoc
1027 1768 1501 1856 perpetraverit
1542 1768 1611 1833 in
1654 1769 1955 1856 proximo
2002 1780 2343 1852 conventu,
2388 1771 2501 1835 ubi

127 1868 454 1935 lectionem
493 1868 800 1935 audiunt:
866 1869 1050 1935 finita
1089 1869 1366 1934 lectione
1409 1868 1601 1933 faciat
1654 1870 2125 1935 confessionem
2164 1894 2345 1935 suam
2386 1894 2496 1959 pa-

129 1969 274 2033 riter
326 1969 450 2057 ips-i
501 1971 934 2056 presbyter03
1001 1979 1070 2033 et
1110 1968 1166 2033 si
1223 1969 1369 2056 ipse
1415 1990 1550 2033 non
1600 1970 1743 2033 vult
1800 1971 2095 2035 confiteri
2160 1979 2497 2059 peccatum

133 2090 302 2133 suum
325 2116 346 2150 ,
411 2077 480 2133 et
515 2068 647 2136 hoc
683 2068 1026 2135 celaverit:
1097 2078 1164 2133 et
1204 2069 1256 2133 si
1301 2091 1422 2157 per
1461 2069 1663 2135 alium
1700 2070 2033 2137 inventum
2076 2071 2273 2136 fuerit
2292 2119 2312 2153 ,
2384 2072 2501 2136 ille

136 2169 231 2252 qui
275 2167 578 2235 delictum
617 2168 984 2251 abscondit,
1049 2194 1086 2233 a
1134 2170 1521 2257 presbytero
1566 2170 1677 2255 qui
1720 2171 1813 2236 eis
1850 2173 2123 2237 verbum
2162 2170 2505 2237 annunciat

137 2268 472 2333 secundum
525 2268 790 2335 modum
847 2270 1076 2357 culpae
1141 2278 1252 2335 aut
1308 2271 1905 2337 excommunicetur
1930 2322 1951 2355 ,
2018 2279 2126 2335 aut
2184 2270 2505 2360 corporali

133 2367 434 2435 vindictae
477 2368 810 2438 subdatur.
895 2368 982 2433 Et
1024 2389 1144 2457 per
1207 2369 1495 2455 singulas
1550 2371 1911 2437 matriculas
1978 2372 2061 2435 sit
2098 2372 2505 2458 primicerius

133 2468 589 2533 matricularum
635 2467 716 2532 de
759 2468 951 2556 ipsis,
995 2468 1106 2553 qui
1149 2492 1346 2558 super
1393 2492 1505 2535 eos
1548 2470 1797 2535 curiose
1838 2480 2023 2556 agat:
2070 2480 2138 2534 et
2178 2470 2231 2534 si
2268 2470 2501 2553 aliquis

137 2586 212 2630 ex
246 2567 396 2655 ipsis
441 2568 654 2631 celare
691 2568 974 2632 voluerit
1013 2568 1262 2633 scelera
1303 2593 1449 2652 sua,
1496 2580 1561 2634 et
1598 2570 2004 2658 primicerius
2042 2568 2331 2657 ipsorum
2378 2567 2506 2633 hoc

133 2664 502 2751 investigare
561 2667 882 2755 potuerit,
949 2668 1316 2733 nullatenus
1375 2669 1726 2734 abscondat
1768 2672 2157 2757 presbytero
2174 2718 2194 2751 ,
2257 2667 2367 2753 qui
2412 2668 2503 2732 eis

133 2764 455 2830 lectionem
495 2765 706 2853 legit:
773 2776 840 2830 et
878 2768 934 2831 si
972 2768 1235 2848 fecerit,
1293 2769 1591 2833 similiter
1628 2770 1741 2834 ille
1791 2770 1899 2854 qui
1944 2768 2071 2833 hoc
2115 2768 2509 2834 commiserit

136 2865 203 2929 ab
241 2864 380 2952 ips-o
421 2866 811 2953 presbytero
855 2866 1238 2933 iudicandus
1281 2877 1416 2950 est,
1461 2877 1527 2931 et
1574 2869 1627 2932 si
1668 2869 1793 2934 hoc
1833 2869 1973 2956 ipse
2011 2870 2359 2957 presbyter
2388 2890 2509 2956 per

137 2984 197 3026 se
237 2966 578 3030 emendare
621 2988 754 3031 non
794 2966 1096 3053 potuerit,
1139 2967 1499 3032 innotescat
1540 2968 2011 3051 archidiaconO,
2055 2969 2163 3032 vel
2206 2968 2503 3056 primice-

135 3062 237 3145 rio,
275 3074 346 3129 ut
385 3065 512 3153 ipsi
551 3066 680 3130 hoc
711 3068 1038 3152 corrigant
1065 3067 1531 3133 rationabiliter
1558 3068 1915 3132 secundum
1944 3068 2213 3132 modum
2244 3068 2507 3155 culpae:

143 3164 270 3227 etsi
297 3186 457 3252 opus
487 3165 704 3248 fuerit,
740 3166 810 3229 in
839 3167 1130 3231 notitiam
1163 3167 1451 3254 episcopi
1481 3167 1715 3249 veniat,
1756 3176 1829 3231 ut
1859 3168 1999 3255 ipse
2028 3167 2153 3231 hoc
2186 3166 2507 3231 emendet.

277 3262 372 3329 Ut
415 3264 736 3347 diximus,
809 3288 1030 3331 omnes
1093 3266 1354 3331 omnino
1417 3266 1823 3331 matricularii
1866 3267 2112 3331 statutis
2158 3266 2381 3331 diebus
2426 3265 2510 3330 ad

141 3358 462 3429 lectionem
515 3367 813 3450 veniant,
875 3378 944 3432 et
997 3368 1412 3433 necessitates
1465 3376 1595 3431 tam
1639 3366 1921 3450 animae,
1980 3388 2174 3451 quam
2220 3365 2507 3453 corporis

141 3458 244 3546 ipsi
277 3468 666 3552 presbytero
706 3468 1121 3554 patefaciantz
1162 3477 1232 3531 et
1271 3468 1414 3554 ipse
1453 3468 1580 3533 hoc
1620 3476 1729 3531 aut
1768 3488 1887 3553 per
1930 3490 1999 3531 se
2040 3466 2363 3547 emendet,
2404 3473 2513 3529 aut

143 3562 368 3645 priores
411 3588 562 3631 suos
603 3566 964 3633 innotescat
1007 3615 1436 3632 ..........
1479 3565 1569 3631 Et
1609 3567 1662 3631 si
1706 3566 1935 3652 aliquis
1978 3567 2059 3631 de
2099 3568 2257 3653 ipsis
2296 3564 2509 3630 matri-

146 3663 374 3729 culariis
411 3668 812 3749 remanserit,
857 3668 967 3753 qui
1005 3690 1140 3733 non
1178 3668 1434 3735 venerit
1465 3666 1550 3733 ad
1576 3666 1944 3747 lectionem,
1988 3665 2111 3731 nisi
2140 3664 2511 3730 infirmitate

145 3772 430 3846 cogente,
475 3766 858 3854 corripiatur
909 3768 1113 3833 semel
1163 3778 1230 3832 et
1273 3767 1600 3833 secundo:
1672 3777 1737 3833 et
1778 3767 1831 3832 si
1878 3790 2010 3832 non
2052 3764 2509 3847 emendaverit,

145 3866 750 3931 excommunicetur:
795 3877 860 3931 et
897 3868 951 3931 si
993 3869 1266 3956 amplius
1305 3868 1432 3933 hoc
1471 3889 1557 3933 ex
1598 3877 1969 3954 contemptu
2009 3866 2257 3947 fecerit,
2298 3864 2506 3928 eiicia-

147 3970 234 4027 tur
271 3965 350 4029 de
395 3967 747 4049 matricula,
793 3978 860 4032 et
901 3969 1080 4050 alius,
1125 3968 1235 4053 qui
1277 3970 1551 4033 verbum
1590 3968 1717 4033 Dei
1758 3969 1899 4033 vult
1935 3966 2181 4049 audire,
2220 3966 2507 4030 mittatur

147 4059 204 4125 in
236 4063 372 4131 loco
411 4068 640 4154 ipsius.
682 4066 768 4131 Et
809 4068 1252 4135 constituimus
1297 4069 1410 4149 eiS,
1450 4078 1524 4133 ut
1565 4069 1633 4133 in
1672 4070 2091 4153 eleemosyna
2120 4076 2355 4149 nostra,
2398 4066 2507 4131 vel

151 4186 566 4236 successorum
607 4180 982 4237 nostrorum
1015 4172 1102 4236 de
1133 4172 1326 4237 domo
1356 4171 1671 4259 accipiant
1696 4173 1868 4237 omni
1898 4182 2212 4258 tempore,
2258 4166 2513 4253 quando

151 4266 220 4329 ad
253 4269 423 4337 illam
461 4271 814 4337 lectionem
855 4271 1245 4337 audiendam
1288 4272 1621 4354 venerint,
1670 4272 1911 4358 singuli
1956 4272 2249 4357 singulos
2292 4292 2513 4358 panes,

151 4375 208 4429 et
240 4371 598 4457 portionem
645 4372 730 4437 de
771 4372 960 4437 lardo
997 4372 1112 4437 illa
1153 4394 1280 4435 una
1315 4372 1460 4436 vice
1480 4420 1500 4453 ,
1542 4372 1655 4436 illa
1694 4372 1819 4435 alia
1854 4371 1997 4434 vice
2040 4370 2407 4457 portionem
2433 4370 2516 4433 de

151 4464 490 4539 formatico:
539 4492 662 4561 per
690 4480 897 4537 totum
919 4494 1157 4537 annum
1182 4472 1276 4537 sic
1299 4472 1552 4553 faciant,
1588 4480 1663 4535 ut
1690 4470 1989 4551 diximus,
2028 4469 2138 4552 qui
2160 4470 2405 4534 ibidem
2435 4470 2517 4532 de
