<?xml version="1.0" encoding="UTF-8"?>
<!DOCTYPE html PUBLIC "-//W3C//DTD XHTML 1.0 Transitional//EN"
    "http://www.w3.org/TR/xhtml1/DTD/xhtml1-transitional.dtd">
<html xmlns="http://www.w3.org/1999/xhtml" xml:lang="en" lang="en">
 <head>
  <title>
</title>
<meta http-equiv="Content-Type" content="text/html;charset=utf-8" />
  <meta name='ocr-system' content='tesseract 3.04.00' />
  <meta name='ocr-capabilities' content='ocr_page ocr_carea ocr_par ocr_line ocrx_word'/>
</head>
<body>
  <div class='ocr_page' id='page_1' title='image "./fontesiuriseccl00waltgoog_0396.png"; bbox 0 0 2959 4984; ppageno 0'>
   <div class='ocr_carea' id='block_1_1' title="bbox 383 260 2335 330">
    <p class='ocr_par' dir='ltr' id='par_1_1' title="bbox 383 260 2335 330">
     <span class='ocr_line' id='line_1_1' title="bbox 383 260 2335 330; baseline -0.001 -13"><span class='ocrx_word' id='word_1_1' title='bbox 383 260 488 330; x_wconf 76' lang='lat'><strong>376</strong></span> <span class='ocrx_word' id='word_1_2' title='bbox 827 262 1072 313; x_wconf 79' lang='lat' dir='ltr'><strong>vam.</strong></span> <span class='ocrx_word' id='word_1_3' title='bbox 1145 262 1635 315; x_wconf 73' lang='lat' dir='ltr'>CONCORDATA</span> <span class='ocrx_word' id='word_1_4' title='bbox 1674 264 2037 317; x_wconf 70' lang='lat' dir='ltr'>BADENSIA</span> <span class='ocrx_word' id='word_1_5' title='bbox 2076 268 2139 316; x_wconf 76' lang='lat' dir='ltr'><strong>A.</strong></span> <span class='ocrx_word' id='word_1_6' title='bbox 2178 262 2335 318; x_wconf 80' lang='lat'><strong>1859.</strong></span> 
     </span>
    </p>
   </div>
   <div class='ocr_carea' id='block_1_2' title="bbox 387 428 2762 720">
    <p class='ocr_par' dir='ltr' id='par_1_2' title="bbox 387 428 2762 720">
     <span class='ocr_line' id='line_1_2' title="bbox 554 428 2762 519; baseline 0 -22"><span class='ocrx_word' id='word_1_7' title='bbox 554 431 986 497; x_wconf 84' lang='lat' dir='ltr'><strong>Hinsichtlich</strong></span> <span class='ocrx_word' id='word_1_8' title='bbox 1047 430 1166 495; x_wconf 88' lang='lat' dir='ltr'><strong>der</strong></span> <span class='ocrx_word' id='word_1_9' title='bbox 1206 428 1653 519; x_wconf 80' lang='lat' dir='ltr'><strong>Vollziehung</strong></span> <span class='ocrx_word' id='word_1_10' title='bbox 1722 432 1842 497; x_wconf 86' lang='lat' dir='ltr'><strong>der</strong></span> <span class='ocrx_word' id='word_1_11' title='bbox 1902 432 2408 519; x_wconf 84' lang='lat' dir='ltr'><strong>Vereinbarung</strong></span> <span class='ocrx_word' id='word_1_12' title='bbox 2466 432 2605 497; x_wconf 84' lang='lat' dir='ltr'><strong>sind</strong></span> <span class='ocrx_word' id='word_1_13' title='bbox 2668 432 2762 497; x_wconf 82' lang='lat' dir='ltr'><strong>die</strong></span> 
     </span>
     <span class='ocr_line' id='line_1_3' title="bbox 387 530 2758 619; baseline -0.002 -18"><span class='ocrx_word' id='word_1_14' title='bbox 387 532 818 619; x_wconf 85' lang='lat' dir='ltr'><strong>betheiligten</strong></span> <span class='ocrx_word' id='word_1_15' title='bbox 845 530 1274 615; x_wconf 85' lang='lat' dir='ltr'><strong>Ministerien,</strong></span> <span class='ocrx_word' id='word_1_16' title='bbox 1309 532 1505 617; x_wconf 75' lang='lat' dir='ltr'><strong>Jedes</strong></span> <span class='ocrx_word' id='word_1_17' title='bbox 1549 532 1617 597; x_wconf 90' lang='lat' dir='ltr'><strong>in</strong></span> <span class='ocrx_word' id='word_1_18' title='bbox 1661 532 1907 597; x_wconf 85' lang='lat' dir='ltr'><strong>seinem</strong></span> <span class='ocrx_word' id='word_1_19' title='bbox 1936 530 2522 615; x_wconf 70' lang='lat' dir='ltr'><strong>Geschitftskreise,</strong></span> <span class='ocrx_word' id='word_1_20' title='bbox 2562 534 2758 597; x_wconf 78' lang='lat' dir='ltr'><strong>beauf-</strong></span> 
     </span>
     <span class='ocr_line' id='line_1_4' title="bbox 389 632 2403 720; baseline 0 -23"><span class='ocrx_word' id='word_1_21' title='bbox 389 641 584 720; x_wconf 82' lang='lat' dir='ltr'><strong>tragt,</strong></span> <span class='ocrx_word' id='word_1_22' title='bbox 629 632 746 699; x_wconf 85' lang='lat' dir='ltr'><strong>das</strong></span> <span class='ocrx_word' id='word_1_23' title='bbox 785 632 1276 705; x_wconf 81' lang='lat' dir='ltr'><strong>Erfurderliche</strong></span> <span class='ocrx_word' id='word_1_24' title='bbox 1326 633 1716 701; x_wconf 83' lang='lat' dir='ltr'><strong>einzuleiten</strong></span> <span class='ocrx_word' id='word_1_25' title='bbox 1761 634 1923 699; x_wconf 88' lang='lat' dir='ltr'><strong>oder</strong></span> <span class='ocrx_word' id='word_1_26' title='bbox 1964 633 2403 699; x_wconf 85' lang='lat' dir='ltr'><strong>anzuordnen.</strong></span> 
     </span>
    </p>
   </div>
   <div class='ocr_carea' id='block_1_3' title="bbox 558 747 2614 955">
    <p class='ocr_par' dir='ltr' id='par_1_3' title="bbox 558 747 2614 955">
     <span class='ocr_line' id='line_1_5' title="bbox 558 747 2369 836; baseline -0.002 -18"><span class='ocrx_word' id='word_1_27' title='bbox 558 748 888 836; x_wconf 84' lang='lat' dir='ltr'><strong>Gegeben</strong></span> <span class='ocrx_word' id='word_1_28' title='bbox 929 773 1009 813; x_wconf 85' lang='lat' dir='ltr'><strong>zu</strong></span> <span class='ocrx_word' id='word_1_29' title='bbox 1057 747 1406 836; x_wconf 77' lang='lat' dir='ltr'><strong>Stuttgart,</strong></span> <span class='ocrx_word' id='word_1_30' title='bbox 1449 749 1579 816; x_wconf 88' lang='lat' dir='ltr'><strong>den</strong></span> <span class='ocrx_word' id='word_1_31' title='bbox 1618 751 1721 816; x_wconf 80' lang='lat'><strong>20.</strong></span> <span class='ocrx_word' id='word_1_32' title='bbox 1768 750 2140 817; x_wconf 80' lang='lat' dir='ltr'><strong>December</strong></span> <span class='ocrx_word' id='word_1_33' title='bbox 2184 750 2369 816; x_wconf 83' lang='lat'>1857.</span> 
     </span>
     <span class='ocr_line' id='line_1_6' title="bbox 2094 868 2614 955; baseline -0.002 -20"><span class='ocrx_word' id='word_1_34' title='bbox 2094 868 2227 935; x_wconf 90' lang='lat' dir='ltr'><strong>Wi</strong></span> <span class='ocrx_word' id='word_1_35' title='bbox 2245 869 2329 934; x_wconf 89' lang='lat' dir='ltr'><strong>lh</strong></span> <span class='ocrx_word' id='word_1_36' title='bbox 2350 890 2388 934; x_wconf 86' lang='lat' dir='ltr'><strong>e</strong></span> <span class='ocrx_word' id='word_1_37' title='bbox 2405 869 2431 933; x_wconf 95' lang='lat' dir='ltr'><strong>l</strong></span> <span class='ocrx_word' id='word_1_38' title='bbox 2446 890 2511 933; x_wconf 90' lang='lat' dir='ltr'><strong>m</strong></span> <span class='ocrx_word' id='word_1_39' title='bbox 2534 868 2614 955; x_wconf 76' lang='lat'><em>²¹¹).</em></span> 
     </span>
    </p>
   </div>
   <div class='ocr_carea' id='block_1_4' title="bbox 460 1112 2695 1201">
    <p class='ocr_par' dir='ltr' id='par_1_4' title="bbox 460 1112 2695 1201">
     <span class='ocr_line' id='line_1_7' title="bbox 460 1112 2695 1201; baseline 0 -22"><span class='ocrx_word' id='word_1_40' title='bbox 460 1112 775 1180; x_wconf 84' lang='lat' dir='ltr'>LXVIII.</span> <span class='ocrx_word' id='word_1_41' title='bbox 863 1113 1400 1180; x_wconf 80' lang='lat' dir='ltr'><strong>Concordata</strong></span> <span class='ocrx_word' id='word_1_42' title='bbox 1437 1116 1877 1181; x_wconf 88' lang='lat' dir='ltr'><strong>Badensia</strong></span> <span class='ocrx_word' id='word_1_43' title='bbox 1924 1116 1986 1181; x_wconf 87' lang='lat' dir='ltr'><strong>d.</strong></span> <span class='ocrx_word' id='word_1_44' title='bbox 2029 1116 2132 1181; x_wconf 82' lang='lat'><strong>28.</strong></span> <span class='ocrx_word' id='word_1_45' title='bbox 2174 1117 2352 1183; x_wconf 88' lang='lat' dir='ltr'><strong>Iun.</strong></span> <span class='ocrx_word' id='word_1_46' title='bbox 2396 1116 2695 1201; x_wconf 73' lang='lat'><strong>1859**).</strong></span> 
     </span>
    </p>
   </div>
   <div class='ocr_carea' id='block_1_5' title="bbox 387 1262 2757 1549">
    <p class='ocr_par' dir='ltr' id='par_1_5' title="bbox 387 1262 2757 1549">
     <span class='ocr_line' id='line_1_8' title="bbox 393 1262 2757 1335; baseline 0 -6"><span class='ocrx_word' id='word_1_47' title='bbox 393 1264 758 1331; x_wconf 84' lang='lat' dir='ltr'><strong>Conventio</strong></span> <span class='ocrx_word' id='word_1_48' title='bbox 799 1264 970 1329; x_wconf 88' lang='lat' dir='ltr'><strong>inter</strong></span> <span class='ocrx_word' id='word_1_49' title='bbox 1013 1262 1436 1331; x_wconf 84' lang='lat' dir='ltr'><strong>Sanctitatem</strong></span> <span class='ocrx_word' id='word_1_50' title='bbox 1479 1264 1683 1334; x_wconf 86' lang='lat' dir='ltr'><strong>Suam</strong></span> <span class='ocrx_word' id='word_1_51' title='bbox 1724 1266 1917 1331; x_wconf 86' lang='lat' dir='ltr'><strong>Pium</strong></span> <span class='ocrx_word' id='word_1_52' title='bbox 1960 1267 2079 1332; x_wconf 90' lang='lat' dir='ltr'><strong>IX.</strong></span> <span class='ocrx_word' id='word_1_53' title='bbox 2132 1266 2479 1335; x_wconf 85' lang='lat' dir='ltr'><strong>Summum</strong></span> <span class='ocrx_word' id='word_1_54' title='bbox 2526 1264 2757 1331; x_wconf 87' lang='lat' dir='ltr'><strong>Pontifi-</strong></span> 
     </span>
     <span class='ocr_line' id='line_1_9' title="bbox 387 1362 2751 1453; baseline 0 -23"><span class='ocrx_word' id='word_1_55' title='bbox 387 1387 530 1433; x_wconf 88' lang='lat' dir='ltr'><strong>cem</strong></span> <span class='ocrx_word' id='word_1_56' title='bbox 589 1374 656 1431; x_wconf 90' lang='lat' dir='ltr'><strong>et</strong></span> <span class='ocrx_word' id='word_1_57' title='bbox 705 1365 980 1453; x_wconf 83' lang='lat' dir='ltr'><strong>Regiam</strong></span> <span class='ocrx_word' id='word_1_58' title='bbox 1035 1362 1507 1433; x_wconf 73' lang='lat' dir='ltr'><strong>celsitudinem</strong></span> <span class='ocrx_word' id='word_1_59' title='bbox 1567 1366 1771 1433; x_wconf 85' lang='lat' dir='ltr'><strong>Suam</strong></span> <span class='ocrx_word' id='word_1_60' title='bbox 1824 1364 2331 1434; x_wconf 84' lang='lat' dir='ltr'><strong>Serenissimum</strong></span> <span class='ocrx_word' id='word_1_61' title='bbox 2383 1367 2751 1433; x_wconf 65' lang='lat' dir='ltr'><strong>Fridetricum</strong></span> 
     </span>
     <span class='ocr_line' id='line_1_10' title="bbox 1088 1464 2101 1549; baseline -0.001 -18"><span class='ocrx_word' id='word_1_62' title='bbox 1088 1464 1406 1549; x_wconf 86' lang='lat' dir='ltr'><strong>Magnum</strong></span> <span class='ocrx_word' id='word_1_63' title='bbox 1444 1467 1703 1533; x_wconf 81' lang='lat' dir='ltr'><strong>Ducem</strong></span> <span class='ocrx_word' id='word_1_64' title='bbox 1751 1466 2101 1539; x_wconf 79' lang='lat' dir='ltr'><strong>Badarum.</strong></span> 
     </span>
    </p>
   </div>
   <div class='ocr_carea' id='block_1_6' title="bbox 637 1614 2504 1683">
    <p class='ocr_par' dir='ltr' id='par_1_6' title="bbox 637 1614 2504 1683">
     <span class='ocr_line' id='line_1_11' title="bbox 637 1614 2504 1683; baseline -0.001 -4"><span class='ocrx_word' id='word_1_65' title='bbox 637 1614 718 1679; x_wconf 78' lang='lat' dir='ltr'><strong>In</strong></span> <span class='ocrx_word' id='word_1_66' title='bbox 763 1614 1038 1683; x_wconf 79' lang='lat' dir='ltr'><strong>Nomine</strong></span> <span class='ocrx_word' id='word_1_67' title='bbox 1081 1616 1547 1683; x_wconf 72' lang='lat' dir='ltr'><strong>Sanctissimae</strong></span> <span class='ocrx_word' id='word_1_68' title='bbox 1592 1633 1653 1683; x_wconf 84' lang='lat' dir='ltr'><strong>et</strong></span> <span class='ocrx_word' id='word_1_69' title='bbox 1704 1614 2093 1683; x_wconf 72' lang='lat' dir='ltr'><strong>Individaae</strong></span> <span class='ocrx_word' id='word_1_70' title='bbox 2142 1616 2504 1683; x_wconf 65' lang='lat' dir='ltr'><strong>Trinitatis.</strong></span> 
     </span>
    </p>
   </div>
   <div class='ocr_carea' id='block_1_7' title="bbox 389 1730 2759 3629">
    <p class='ocr_par' dir='ltr' id='par_1_7' title="bbox 389 1730 2753 2021">
     <span class='ocr_line' id='line_1_12' title="bbox 555 1730 2753 1825; baseline -0.001 -27"><span class='ocrx_word' id='word_1_71' title='bbox 555 1733 608 1799; x_wconf 89' lang='lat' dir='ltr'><strong>I.</strong></span> <span class='ocrx_word' id='word_1_72' title='bbox 696 1730 888 1798; x_wconf 86' lang='lat' dir='ltr'><strong>Circa</strong></span> <span class='ocrx_word' id='word_1_73' title='bbox 929 1734 1372 1823; x_wconf 83' lang='lat' dir='ltr'><strong>provisionem</strong></span> <span class='ocrx_word' id='word_1_74' title='bbox 1439 1734 1639 1803; x_wconf 83' lang='lat' dir='ltr'><strong>Sedis</strong></span> <span class='ocrx_word' id='word_1_75' title='bbox 1677 1736 2275 1825; x_wconf 85' lang='lat' dir='ltr'><strong>Archiepiscopalis</strong></span> <span class='ocrx_word' id='word_1_76' title='bbox 2315 1732 2753 1821; x_wconf 75' lang='lat' dir='ltr'><strong>FriburgensiS,</strong></span> 
     </span>
     <span class='ocr_line' id='line_1_13' title="bbox 397 1829 2752 1904; baseline -0.001 -6"><span class='ocrx_word' id='word_1_77' title='bbox 397 1829 903 1899; x_wconf 72' lang='lat' dir='ltr'><strong>canonicatuum</strong></span> <span class='ocrx_word' id='word_1_78' title='bbox 963 1845 1031 1900; x_wconf 89' lang='lat' dir='ltr'><strong>et</strong></span> <span class='ocrx_word' id='word_1_79' title='bbox 1091 1836 1625 1903; x_wconf 86' lang='lat' dir='ltr'><strong>Praebendarum</strong></span> <span class='ocrx_word' id='word_1_80' title='bbox 1686 1835 2091 1904; x_wconf 85' lang='lat' dir='ltr'><strong>Cathedralis</strong></span> <span class='ocrx_word' id='word_1_81' title='bbox 2131 1834 2464 1901; x_wconf 84' lang='lat' dir='ltr'><strong>Ecclesiae</strong></span> <span class='ocrx_word' id='word_1_82' title='bbox 2521 1856 2598 1899; x_wconf 86' lang='lat' dir='ltr'><strong>ea</strong></span> <span class='ocrx_word' id='word_1_83' title='bbox 2646 1842 2752 1896; x_wconf 82' lang='lat' dir='ltr'><strong>tan-</strong></span> 
     </span>
     <span class='ocr_line' id='line_1_14' title="bbox 389 1936 2563 2021; baseline 0 -24"><span class='ocrx_word' id='word_1_84' title='bbox 389 1941 527 1997; x_wconf 82' lang='lat' dir='ltr'><strong>tum</strong></span> <span class='ocrx_word' id='word_1_85' title='bbox 570 1937 1018 2018; x_wconf 86' lang='lat' dir='ltr'><strong>servabuntur,</strong></span> <span class='ocrx_word' id='word_1_86' title='bbox 1071 1936 1152 2000; x_wconf 88' lang='lat' dir='ltr'><strong>de</strong></span> <span class='ocrx_word' id='word_1_87' title='bbox 1203 1937 1434 2021; x_wconf 88' lang='lat' dir='ltr'><strong>quibus</strong></span> <span class='ocrx_word' id='word_1_88' title='bbox 1480 1960 1627 2002; x_wconf 90' lang='lat' dir='ltr'><strong>cum</strong></span> <span class='ocrx_word' id='word_1_89' title='bbox 1671 1936 1743 2004; x_wconf 88' lang='lat' dir='ltr'><strong>S.</strong></span> <span class='ocrx_word' id='word_1_90' title='bbox 1788 1936 1969 2005; x_wconf 82' lang='lat' dir='ltr'><strong>Sede</strong></span> <span class='ocrx_word' id='word_1_91' title='bbox 2014 1944 2403 2002; x_wconf 85' lang='lat' dir='ltr'><strong>conventum</strong></span> <span class='ocrx_word' id='word_1_92' title='bbox 2451 1944 2563 1999; x_wconf 85' lang='lat' dir='ltr'><strong>est.</strong></span> 
     </span>
    </p>

    <p class='ocr_par' dir='ltr' id='par_1_8' title="bbox 393 2032 2758 2327">
     <span class='ocr_line' id='line_1_15' title="bbox 561 2032 2755 2125; baseline -0.002 -26"><span class='ocrx_word' id='word_1_93' title='bbox 561 2034 650 2099; x_wconf 87' lang='lat' dir='ltr'><strong>H.</strong></span> <span class='ocrx_word' id='word_1_94' title='bbox 738 2034 1291 2125; x_wconf 85' lang='lat' dir='ltr'><strong>Archiepiscopus</strong></span> <span class='ocrx_word' id='word_1_95' title='bbox 1357 2047 1701 2123; x_wconf 82' lang='lat' dir='ltr'><strong>antequam</strong></span> <span class='ocrx_word' id='word_1_96' title='bbox 1746 2037 2083 2103; x_wconf 86' lang='lat' dir='ltr'><strong>Ecclesiae</strong></span> <span class='ocrx_word' id='word_1_97' title='bbox 2136 2055 2289 2101; x_wconf 84' lang='lat' dir='ltr'><strong>suae</strong></span> <span class='ocrx_word' id='word_1_98' title='bbox 2350 2032 2755 2123; x_wconf 82' lang='lat' dir='ltr'><strong>gubernacula</strong></span> 
     </span>
     <span class='ocr_line' id='line_1_16' title="bbox 393 2133 2758 2224; baseline -0.002 -26"><span class='ocrx_word' id='word_1_99' title='bbox 393 2134 722 2223; x_wconf 82' lang='lat' dir='ltr'><strong>suscipiet,</strong></span> <span class='ocrx_word' id='word_1_100' title='bbox 769 2159 984 2202; x_wconf 89' lang='lat' dir='ltr'><strong>coram</strong></span> <span class='ocrx_word' id='word_1_101' title='bbox 1025 2136 1234 2224; x_wconf 87' lang='lat' dir='ltr'><strong>Regia</strong></span> <span class='ocrx_word' id='word_1_102' title='bbox 1259 2137 1667 2203; x_wconf 79' lang='lat' dir='ltr'><strong>Oelsitudine</strong></span> <span class='ocrx_word' id='word_1_103' title='bbox 1710 2136 2042 2203; x_wconf 85' lang='lat' dir='ltr'><strong>fidelitatis</strong></span> <span class='ocrx_word' id='word_1_104' title='bbox 2075 2138 2517 2223; x_wconf 88' lang='lat' dir='ltr'><strong>juramentum</strong></span> <span class='ocrx_word' id='word_1_105' title='bbox 2542 2133 2758 2199; x_wconf 84' lang='lat' dir='ltr'><strong>emittet</strong></span> 
     </span>
     <span class='ocr_line' id='line_1_17' title="bbox 393 2235 1537 2327; baseline 0.003 -28"><span class='ocrx_word' id='word_1_106' title='bbox 393 2235 812 2321; x_wconf 84' lang='lat' dir='ltr'><strong>sequentibus</strong></span> <span class='ocrx_word' id='word_1_107' title='bbox 854 2238 1070 2303; x_wconf 76' lang='lat' dir='ltr'><strong>verbis</strong></span> <span class='ocrx_word' id='word_1_108' title='bbox 1115 2260 1537 2327; x_wconf 81' lang='lat' dir='ltr'><strong>expressum:</strong></span> 
     </span>
    </p>

    <p class='ocr_par' dir='ltr' id='par_1_9' title="bbox 389 2334 2759 3106">
     <span class='ocr_line' id='line_1_18' title="bbox 557 2334 2755 2428; baseline -0.002 -27"><span class='ocrx_word' id='word_1_109' title='bbox 557 2336 743 2423; x_wconf 83' lang='lat' dir='ltr'><strong>„Ego</strong></span> <span class='ocrx_word' id='word_1_110' title='bbox 794 2339 947 2424; x_wconf 87' lang='lat' dir='ltr'><strong>juro</strong></span> <span class='ocrx_word' id='word_1_111' title='bbox 1007 2348 1074 2403; x_wconf 90' lang='lat' dir='ltr'><strong>et</strong></span> <span class='ocrx_word' id='word_1_112' title='bbox 1126 2339 1431 2428; x_wconf 84' lang='lat' dir='ltr'><strong>promitto</strong></span> <span class='ocrx_word' id='word_1_113' title='bbox 1493 2339 1575 2403; x_wconf 91' lang='lat' dir='ltr'><strong>ad</strong></span> <span class='ocrx_word' id='word_1_114' title='bbox 1622 2336 1695 2405; x_wconf 87' lang='lat' dir='ltr'><strong>S.</strong></span> <span class='ocrx_word' id='word_1_115' title='bbox 1737 2338 1871 2403; x_wconf 89' lang='lat' dir='ltr'><strong>Dei</strong></span> <span class='ocrx_word' id='word_1_116' title='bbox 1912 2336 2309 2425; x_wconf 84' lang='lat' dir='ltr'><strong>Evangelia,</strong></span> <span class='ocrx_word' id='word_1_117' title='bbox 2372 2334 2540 2402; x_wconf 87' lang='lat' dir='ltr'><strong>sicut</strong></span> <span class='ocrx_word' id='word_1_118' title='bbox 2596 2336 2755 2399; x_wconf 87' lang='lat' dir='ltr'><strong>decet</strong></span> 
     </span>
     <span class='ocr_line' id='line_1_19' title="bbox 389 2432 2757 2526; baseline -0.002 -25"><span class='ocrx_word' id='word_1_119' title='bbox 389 2436 810 2526; x_wconf 85' lang='lat' dir='ltr'><strong>Episcopum,</strong></span> <span class='ocrx_word' id='word_1_120' title='bbox 856 2438 1290 2513; x_wconf 84' lang='lat' dir='ltr'><strong>obedientiam</strong></span> <span class='ocrx_word' id='word_1_121' title='bbox 1335 2448 1400 2503; x_wconf 90' lang='lat' dir='ltr'><strong>ct</strong></span> <span class='ocrx_word' id='word_1_122' title='bbox 1431 2438 1813 2503; x_wconf 86' lang='lat' dir='ltr'><strong>fidelitatem</strong></span> <span class='ocrx_word' id='word_1_123' title='bbox 1838 2438 2089 2525; x_wconf 85' lang='lat' dir='ltr'><strong>Regiae</strong></span> <span class='ocrx_word' id='word_1_124' title='bbox 2118 2436 2511 2503; x_wconf 86' lang='lat' dir='ltr'><strong>Celsitudini</strong></span> <span class='ocrx_word' id='word_1_125' title='bbox 2539 2445 2602 2501; x_wconf 90' lang='lat' dir='ltr'><strong>et</strong></span> <span class='ocrx_word' id='word_1_126' title='bbox 2626 2432 2757 2501; x_wconf 87' lang='lat' dir='ltr'><strong>Suc-</strong></span> 
     </span>
     <span class='ocr_line' id='line_1_20' title="bbox 393 2534 2757 2627; baseline -0.001 -26"><span class='ocrx_word' id='word_1_127' title='bbox 393 2539 757 2605; x_wconf 86' lang='lat' dir='ltr'><strong>cessoribus</strong></span> <span class='ocrx_word' id='word_1_128' title='bbox 807 2539 979 2621; x_wconf 89' lang='lat' dir='ltr'><strong>suis;</strong></span> <span class='ocrx_word' id='word_1_129' title='bbox 1037 2540 1190 2625; x_wconf 89' lang='lat' dir='ltr'><strong>juro</strong></span> <span class='ocrx_word' id='word_1_130' title='bbox 1233 2539 1392 2603; x_wconf 91' lang='lat' dir='ltr'><strong>item</strong></span> <span class='ocrx_word' id='word_1_131' title='bbox 1437 2546 1503 2603; x_wconf 91' lang='lat' dir='ltr'><strong>et</strong></span> <span class='ocrx_word' id='word_1_132' title='bbox 1544 2539 1850 2627; x_wconf 85' lang='lat' dir='ltr'><strong>promitto</strong></span> <span class='ocrx_word' id='word_1_133' title='bbox 1870 2587 1890 2621; x_wconf 91' lang='lat'><strong>,</strong></span> <span class='ocrx_word' id='word_1_134' title='bbox 1936 2560 2043 2603; x_wconf 92' lang='lat' dir='ltr'><strong>me</strong></span> <span class='ocrx_word' id='word_1_135' title='bbox 2082 2537 2327 2603; x_wconf 87' lang='lat' dir='ltr'><strong>nullam</strong></span> <span class='ocrx_word' id='word_1_136' title='bbox 2369 2534 2757 2601; x_wconf 82' lang='lat' dir='ltr'><strong>communica-</strong></span> 
     </span>
     <span class='ocr_line' id='line_1_21' title="bbox 392 2630 2755 2725; baseline -0.002 -25"><span class='ocrx_word' id='word_1_137' title='bbox 392 2637 632 2701; x_wconf 88' lang='lat' dir='ltr'><strong>tionem</strong></span> <span class='ocrx_word' id='word_1_138' title='bbox 673 2639 1040 2704; x_wconf 88' lang='lat' dir='ltr'><strong>habiturum</strong></span> <span class='ocrx_word' id='word_1_139' title='bbox 1084 2640 1376 2725; x_wconf 88' lang='lat' dir='ltr'><strong>nullique</strong></span> <span class='ocrx_word' id='word_1_140' title='bbox 1417 2638 1685 2704; x_wconf 85' lang='lat' dir='ltr'><strong>consilio</strong></span> <span class='ocrx_word' id='word_1_141' title='bbox 1730 2637 2210 2721; x_wconf 87' lang='lat' dir='ltr'><strong>interfuturum,</strong></span> <span class='ocrx_word' id='word_1_142' title='bbox 2263 2636 2441 2722; x_wconf 87' lang='lat' dir='ltr'><strong>quod</strong></span> <span class='ocrx_word' id='word_1_143' title='bbox 2483 2630 2755 2718; x_wconf 87' lang='lat' dir='ltr'><strong>tranquil-</strong></span> 
     </span>
     <span class='ocr_line' id='line_1_22' title="bbox 389 2734 2759 2828; baseline -0.003 -27"><span class='ocrx_word' id='word_1_144' title='bbox 389 2738 554 2801; x_wconf 85' lang='lat' dir='ltr'><strong>litati</strong></span> <span class='ocrx_word' id='word_1_145' title='bbox 598 2738 893 2825; x_wconf 85' lang='lat' dir='ltr'><strong>publicac</strong></span> <span class='ocrx_word' id='word_1_146' title='bbox 939 2748 1188 2823; x_wconf 87' lang='lat' dir='ltr'><strong>noceat,</strong></span> <span class='ocrx_word' id='word_1_147' title='bbox 1233 2740 1607 2825; x_wconf 86' lang='lat' dir='ltr'><strong>nullamque</strong></span> <span class='ocrx_word' id='word_1_148' title='bbox 1644 2748 2013 2828; x_wconf 84' lang='lat' dir='ltr'><strong>suspectam</strong></span> <span class='ocrx_word' id='word_1_149' title='bbox 2038 2738 2345 2803; x_wconf 88' lang='lat' dir='ltr'><strong>unionem</strong></span> <span class='ocrx_word' id='word_1_150' title='bbox 2382 2758 2593 2821; x_wconf 88' lang='lat' dir='ltr'><strong>neque</strong></span> <span class='ocrx_word' id='word_1_151' title='bbox 2622 2734 2759 2797; x_wconf 86' lang='lat' dir='ltr'><strong>intra</strong></span> 
     </span>
     <span class='ocr_line' id='line_1_23' title="bbox 394 2828 2757 2924; baseline -0.002 -23"><span class='ocrx_word' id='word_1_152' title='bbox 394 2858 608 2921; x_wconf 87' lang='lat' dir='ltr'><strong>neque</strong></span> <span class='ocrx_word' id='word_1_153' title='bbox 675 2846 858 2903; x_wconf 81' lang='lat' dir='ltr'><strong>extra</strong></span> <span class='ocrx_word' id='word_1_154' title='bbox 921 2837 1148 2924; x_wconf 84' lang='lat' dir='ltr'><strong>Magni</strong></span> <span class='ocrx_word' id='word_1_155' title='bbox 1190 2840 1485 2905; x_wconf 87' lang='lat' dir='ltr'><strong>Ducatus</strong></span> <span class='ocrx_word' id='word_1_156' title='bbox 1542 2838 1779 2905; x_wconf 88' lang='lat' dir='ltr'><strong>limites</strong></span> <span class='ocrx_word' id='word_1_157' title='bbox 1842 2848 2409 2918; x_wconf 83' lang='lat' dir='ltr'><strong>conservaturum,</strong></span> <span class='ocrx_word' id='word_1_158' title='bbox 2482 2843 2663 2920; x_wconf 84' lang='lat' dir='ltr'><strong>atque</strong></span> <span class='ocrx_word' id='word_1_159' title='bbox 2714 2828 2757 2893; x_wconf 80' lang='lat' dir='ltr'><strong>si</strong></span> 
     </span>
     <span class='ocr_line' id='line_1_24' title="bbox 393 2928 2756 3026; baseline -0.004 -25"><span class='ocrx_word' id='word_1_160' title='bbox 393 2937 727 3026; x_wconf 86' lang='lat' dir='ltr'><strong>publicum</strong></span> <span class='ocrx_word' id='word_1_161' title='bbox 785 2938 1048 3023; x_wconf 84' lang='lat' dir='ltr'><strong>aliquod</strong></span> <span class='ocrx_word' id='word_1_162' title='bbox 1091 2940 1454 3026; x_wconf 86' lang='lat' dir='ltr'><strong>periculum</strong></span> <span class='ocrx_word' id='word_1_163' title='bbox 1498 2940 1839 3005; x_wconf 86' lang='lat' dir='ltr'><strong>imminere</strong></span> <span class='ocrx_word' id='word_1_164' title='bbox 1880 2939 2290 3022; x_wconf 83' lang='lat' dir='ltr'><strong>resciverim,</strong></span> <span class='ocrx_word' id='word_1_165' title='bbox 2354 2958 2460 3001; x_wconf 88' lang='lat' dir='ltr'><strong>me</strong></span> <span class='ocrx_word' id='word_1_166' title='bbox 2505 2934 2585 2999; x_wconf 85' lang='lat' dir='ltr'><strong>ad</strong></span> <span class='ocrx_word' id='word_1_167' title='bbox 2620 2928 2756 2996; x_wconf 83' lang='lat' dir='ltr'><strong>illud</strong></span> 
     </span>
     <span class='ocr_line' id='line_1_25' title="bbox 397 3038 1518 3106; baseline 0.004 -4"><span class='ocrx_word' id='word_1_168' title='bbox 397 3038 817 3102; x_wconf 83' lang='lat' dir='ltr'><strong>avertendum</strong></span> <span class='ocrx_word' id='word_1_169' title='bbox 859 3039 1020 3103; x_wconf 84' lang='lat' dir='ltr'><strong>nihil</strong></span> <span class='ocrx_word' id='word_1_170' title='bbox 1069 3040 1518 3106; x_wconf 79' lang='lat' dir='ltr'><strong>omissurum.“</strong></span> 
     </span>
    </p>

    <p class='ocr_par' dir='ltr' id='par_1_10' title="bbox 395 3135 2757 3405">
     <span class='ocr_line' id='line_1_26' title="bbox 563 3135 2755 3229; baseline -0.003 -26"><span class='ocrx_word' id='word_1_171' title='bbox 563 3136 688 3203; x_wconf 89' lang='grc' dir='ltr'><strong>ΙΙΙ.</strong></span> <span class='ocrx_word' id='word_1_172' title='bbox 773 3138 998 3225; x_wconf 85' lang='lat' dir='ltr'><strong>Magni</strong></span> <span class='ocrx_word' id='word_1_173' title='bbox 1029 3140 1232 3206; x_wconf 87' lang='lat' dir='ltr'><strong>Ducis</strong></span> <span class='ocrx_word' id='word_1_174' title='bbox 1263 3140 1673 3207; x_wconf 84' lang='lat' dir='ltr'><strong>Gubernium</strong></span> <span class='ocrx_word' id='word_1_175' title='bbox 1717 3164 1859 3205; x_wconf 87' lang='lat' dir='ltr'><strong>cum</strong></span> <span class='ocrx_word' id='word_1_176' title='bbox 1897 3140 2181 3229; x_wconf 88' lang='lat' dir='ltr'><strong>primum</strong></span> <span class='ocrx_word' id='word_1_177' title='bbox 2222 3148 2588 3228; x_wconf 89' lang='lat' dir='ltr'><strong>temporum</strong></span> <span class='ocrx_word' id='word_1_178' title='bbox 2624 3135 2755 3200; x_wconf 86' lang='lat' dir='ltr'><strong>ratio</strong></span> 
     </span>
     <span class='ocr_line' id='line_1_27' title="bbox 403 3234 2757 3330; baseline -0.002 -29"><span class='ocrx_word' id='word_1_179' title='bbox 403 3237 805 3326; x_wconf 87' lang='lat' dir='ltr'><strong>permiserit,</strong></span> <span class='ocrx_word' id='word_1_180' title='bbox 853 3241 1132 3324; x_wconf 85' lang='lat' dir='ltr'><strong>curabit,</strong></span> <span class='ocrx_word' id='word_1_181' title='bbox 1175 3251 1249 3306; x_wconf 92' lang='lat' dir='ltr'><strong>ut</strong></span> <span class='ocrx_word' id='word_1_182' title='bbox 1289 3239 1908 3330; x_wconf 88' lang='lat' dir='ltr'><strong>Archiepiscopatus</strong></span> <span class='ocrx_word' id='word_1_183' title='bbox 1966 3263 2142 3305; x_wconf 89' lang='lat' dir='ltr'><strong>suam</strong></span> <span class='ocrx_word' id='word_1_184' title='bbox 2188 3240 2409 3305; x_wconf 87' lang='lat' dir='ltr'><strong>dotem</strong></span> <span class='ocrx_word' id='word_1_185' title='bbox 2459 3240 2675 3305; x_wconf 86' lang='lat' dir='ltr'><strong>habeat</strong></span> <span class='ocrx_word' id='word_1_186' title='bbox 2705 3234 2757 3299; x_wconf 88' lang='lat' dir='ltr'><strong>in</strong></span> 
     </span>
     <span class='ocr_line' id='line_1_28' title="bbox 395 3339 974 3405; baseline 0 0"><span class='ocrx_word' id='word_1_187' title='bbox 395 3339 581 3405; x_wconf 86' lang='lat' dir='ltr'><strong>bonis</strong></span> <span class='ocrx_word' id='word_1_188' title='bbox 624 3340 974 3405; x_wconf 79' lang='lat' dir='ltr'><strong>stabilibus,</strong></span> 
     </span>
    </p>

    <p class='ocr_par' dir='ltr' id='par_1_11' title="bbox 395 3438 2757 3629">
     <span class='ocr_line' id='line_1_29' title="bbox 562 3438 2755 3527; baseline -0.004 -22"><span class='ocrx_word' id='word_1_189' title='bbox 562 3440 680 3505; x_wconf 87' lang='lat' dir='ltr'><strong>IV.</strong></span> <span class='ocrx_word' id='word_1_190' title='bbox 769 3438 898 3505; x_wconf 88' lang='lat' dir='ltr'><strong>Pro</strong></span> <span class='ocrx_word' id='word_1_191' title='bbox 942 3440 1264 3527; x_wconf 83' lang='lat' dir='ltr'><strong>regimine</strong></span> <span class='ocrx_word' id='word_1_192' title='bbox 1295 3440 1822 3506; x_wconf 85' lang='lat' dir='ltr'><strong>Archidioecesis</strong></span> <span class='ocrx_word' id='word_1_193' title='bbox 1865 3461 2019 3504; x_wconf 86' lang='lat' dir='ltr'><strong>suae</strong></span> <span class='ocrx_word' id='word_1_194' title='bbox 2050 3438 2564 3527; x_wconf 82' lang='lat' dir='ltr'><strong>Archiepiscopo</strong></span> <span class='ocrx_word' id='word_1_195' title='bbox 2598 3454 2755 3501; x_wconf 86' lang='lat' dir='ltr'><strong>omne</strong></span> 
     </span>
     <span class='ocr_line' id='line_1_30' title="bbox 395 3532 2757 3629; baseline -0.003 -24"><span class='ocrx_word' id='word_1_196' title='bbox 395 3540 466 3606; x_wconf 88' lang='lat' dir='ltr'><strong>id</strong></span> <span class='ocrx_word' id='word_1_197' title='bbox 517 3562 826 3605; x_wconf 87' lang='lat' dir='ltr'><strong>exercere</strong></span> <span class='ocrx_word' id='word_1_198' title='bbox 870 3541 1150 3606; x_wconf 86' lang='lat' dir='ltr'><strong>liberum</strong></span> <span class='ocrx_word' id='word_1_199' title='bbox 1197 3541 1336 3621; x_wconf 85' lang='lat' dir='ltr'><strong>erit,</strong></span> <span class='ocrx_word' id='word_1_200' title='bbox 1379 3541 1557 3627; x_wconf 87' lang='lat' dir='ltr'><strong>quod</strong></span> <span class='ocrx_word' id='word_1_201' title='bbox 1598 3541 1666 3605; x_wconf 89' lang='lat' dir='ltr'><strong>in</strong></span> <span class='ocrx_word' id='word_1_202' title='bbox 1704 3540 1837 3605; x_wconf 84' lang='lat' dir='ltr'><strong>vim</strong></span> <span class='ocrx_word' id='word_1_203' title='bbox 1884 3538 2228 3629; x_wconf 86' lang='lat' dir='ltr'><strong>pastoralis</strong></span> <span class='ocrx_word' id='word_1_204' title='bbox 2271 3541 2410 3625; x_wconf 87' lang='lat' dir='ltr'><strong>ejus</strong></span> <span class='ocrx_word' id='word_1_205' title='bbox 2456 3532 2757 3603; x_wconf 84' lang='lat' dir='ltr'><strong>ministerii</strong></span> 
     </span>
    </p>
   </div>
   <div class='ocr_carea' id='block_1_8' title="bbox 395 3712 788 3719">
    <p class='ocr_par' dir='ltr' id='par_1_12' title="bbox 395 3712 788 3719">
     <span class='ocr_line' id='line_1_31' title="bbox 395 3712 788 3719; baseline 0 1265"><span class='ocrx_word' id='word_1_206' title='bbox 395 3712 788 3719; x_wconf 95' lang='lat' dir='ltr'><strong> </strong></span> 
     </span>
    </p>
   </div>
   <div class='ocr_carea' id='block_1_9' title="bbox 394 3813 2762 4153">
    <p class='ocr_par' dir='ltr' id='par_1_13' title="bbox 394 3813 2762 4153">
     <span class='ocr_line' id='line_1_32' title="bbox 541 3813 2761 3889; baseline -0.002 -16"><span class='ocrx_word' id='word_1_207' title='bbox 541 3821 598 3889; x_wconf 72' lang='lat' dir='ltr'><strong>*J</strong></span> <span class='ocrx_word' id='word_1_208' title='bbox 634 3820 742 3873; x_wconf 79' lang='lat' dir='ltr'><strong>Ast</strong></span> <span class='ocrx_word' id='word_1_209' title='bbox 776 3824 974 3889; x_wconf 83' lang='lat' dir='ltr'><strong>postea</strong></span> <span class='ocrx_word' id='word_1_210' title='bbox 1008 3818 1155 3873; x_wconf 80' lang='lat' dir='ltr'><strong>idem</strong></span> <span class='ocrx_word' id='word_1_211' title='bbox 1189 3818 1314 3876; x_wconf 79' lang='lat' dir='ltr'><strong>Rex</strong></span> <span class='ocrx_word' id='word_1_212' title='bbox 1349 3820 1635 3875; x_wconf 79' lang='lat' dir='ltr'><strong>solennem</strong></span> <span class='ocrx_word' id='word_1_213' title='bbox 1686 3819 1834 3876; x_wconf 81' lang='lat' dir='ltr'><strong>hane</strong></span> <span class='ocrx_word' id='word_1_214' title='bbox 1870 3818 2298 3876; x_wconf 67' lang='lat' dir='ltr'><strong>conventionem</strong></span> <span class='ocrx_word' id='word_1_215' title='bbox 2334 3823 2529 3874; x_wconf 66' lang='lat' dir='ltr'><strong>mutua</strong></span> <span class='ocrx_word' id='word_1_216' title='bbox 2562 3816 2661 3871; x_wconf 78' lang='lat' dir='ltr'><strong>fide</strong></span> <span class='ocrx_word' id='word_1_217' title='bbox 2689 3813 2761 3867; x_wconf 79' lang='lat' dir='ltr'><strong>fir-</strong></span> 
     </span>
     <span class='ocr_line' id='line_1_33' title="bbox 397 3904 2761 3976; baseline -0.002 -15"><span class='ocrx_word' id='word_1_218' title='bbox 397 3911 604 3963; x_wconf 85' lang='lat' dir='ltr'><strong>matam</strong></span> <span class='ocrx_word' id='word_1_219' title='bbox 639 3906 914 3976; x_wconf 84' lang='lat' dir='ltr'><strong>rescripto</strong></span> <span class='ocrx_word' id='word_1_220' title='bbox 951 3906 1004 3961; x_wconf 78' lang='lat' dir='ltr'><strong>d.</strong></span> <span class='ocrx_word' id='word_1_221' title='bbox 1045 3908 1126 3960; x_wconf 87' lang='lat'><strong>13.</strong></span> <span class='ocrx_word' id='word_1_222' title='bbox 1164 3905 1310 3963; x_wconf 86' lang='lat' dir='ltr'><strong>Iunii</strong></span> <span class='ocrx_word' id='word_1_223' title='bbox 1351 3907 1487 3964; x_wconf 82' lang='lat'>1861</span> <span class='ocrx_word' id='word_1_224' title='bbox 1526 3906 1659 3961; x_wconf 83' lang='lat' dir='ltr'><strong>dato</strong></span> <span class='ocrx_word' id='word_1_225' title='bbox 1714 3910 1893 3969; x_wconf 72' lang='lat' dir='ltr'><strong>totam</strong></span> <span class='ocrx_word' id='word_1_226' title='bbox 1933 3905 2193 3974; x_wconf 70' lang='lat' dir='ltr'><strong>sustulit,</strong></span> <span class='ocrx_word' id='word_1_227' title='bbox 2253 3905 2569 3975; x_wconf 76' lang='lat' dir='ltr'><strong>nullamque</strong></span> <span class='ocrx_word' id='word_1_228' title='bbox 2597 3904 2651 3959; x_wconf 86' lang='lat' dir='ltr'><strong>ei</strong></span> <span class='ocrx_word' id='word_1_229' title='bbox 2678 3916 2761 3972; x_wconf 83' lang='lat' dir='ltr'><strong>pro</strong></span> 
     </span>
     <span class='ocr_line' id='line_1_34' title="bbox 394 3987 2762 4065; baseline -0.003 -18"><span class='ocrx_word' id='word_1_230' title='bbox 394 4011 494 4047; x_wconf 83' lang='lat' dir='ltr'><strong>sua</strong></span> <span class='ocrx_word' id='word_1_231' title='bbox 528 3999 692 4065; x_wconf 84' lang='lat' dir='ltr'><strong>parte</strong></span> <span class='ocrx_word' id='word_1_232' title='bbox 727 3994 1124 4065; x_wconf 80' lang='lat' dir='ltr'><strong>obligationem</strong></span> <span class='ocrx_word' id='word_1_233' title='bbox 1159 3994 1341 4047; x_wconf 83' lang='lat' dir='ltr'><strong>inesse</strong></span> <span class='ocrx_word' id='word_1_234' title='bbox 1377 3994 1699 4049; x_wconf 86' lang='lat' dir='ltr'><strong>declaravit.</strong></span> <span class='ocrx_word' id='word_1_235' title='bbox 1776 3993 1929 4049; x_wconf 84' lang='lat' dir='ltr'><strong>Loco</strong></span> <span class='ocrx_word' id='word_1_236' title='bbox 1967 3993 2087 4047; x_wconf 80' lang='lat' dir='ltr'><strong>eius</strong></span> <span class='ocrx_word' id='word_1_237' title='bbox 2123 3993 2307 4063; x_wconf 88' lang='lat' dir='ltr'><strong>legem</strong></span> <span class='ocrx_word' id='word_1_238' title='bbox 2342 3992 2661 4063; x_wconf 78' lang='lat' dir='ltr'><strong>proposuit,</strong></span> <span class='ocrx_word' id='word_1_239' title='bbox 2706 3987 2762 4041; x_wconf 79' lang='lat' dir='ltr'><strong>de</strong></span> 
     </span>
     <span class='ocr_line' id='line_1_35' title="bbox 401 4081 1705 4153; baseline 0.002 -19"><span class='ocrx_word' id='word_1_240' title='bbox 401 4100 512 4151; x_wconf 80' lang='lat' dir='ltr'><strong>qua</strong></span> <span class='ocrx_word' id='word_1_241' title='bbox 545 4100 696 4137; x_wconf 83' lang='lat' dir='ltr'><strong>nune</strong></span> <span class='ocrx_word' id='word_1_242' title='bbox 733 4082 793 4135; x_wconf 90' lang='lat' dir='ltr'><strong>in</strong></span> <span class='ocrx_word' id='word_1_243' title='bbox 830 4082 1067 4137; x_wconf 79' lang='lat' dir='ltr'><strong>comitiis</strong></span> <span class='ocrx_word' id='word_1_244' title='bbox 1103 4082 1264 4137; x_wconf 79' lang='lat' dir='ltr'><strong>istius</strong></span> <span class='ocrx_word' id='word_1_245' title='bbox 1303 4083 1462 4152; x_wconf 86' lang='lat' dir='ltr'><strong>regni</strong></span> <span class='ocrx_word' id='word_1_246' title='bbox 1500 4081 1705 4153; x_wconf 85' lang='lat' dir='ltr'><strong>agitur.</strong></span> 
     </span>
    </p>
   </div>
   <div class='ocr_carea' id='block_1_10' title="bbox 401 4180 2764 4344">
    <p class='ocr_par' dir='ltr' id='par_1_14' title="bbox 401 4180 2764 4344">
     <span class='ocr_line' id='line_1_36' title="bbox 545 4180 2764 4257; baseline -0 -19"><span class='ocrx_word' id='word_1_247' title='bbox 545 4186 627 4254; x_wconf 68' lang='lat'><strong>²¹⁰⁸)</strong></span> <span class='ocrx_word' id='word_1_248' title='bbox 665 4186 873 4240; x_wconf 85' lang='lat' dir='ltr'><strong>Textus</strong></span> <span class='ocrx_word' id='word_1_249' title='bbox 905 4187 1286 4243; x_wconf 86' lang='lat' dir='ltr'><strong>conventionis</strong></span> <span class='ocrx_word' id='word_1_250' title='bbox 1321 4187 1497 4239; x_wconf 87' lang='lat' dir='ltr'><strong>latina</strong></span> <span class='ocrx_word' id='word_1_251' title='bbox 1522 4187 1715 4257; x_wconf 84' lang='lat' dir='ltr'><strong>lingua</strong></span> <span class='ocrx_word' id='word_1_252' title='bbox 1752 4190 2057 4257; x_wconf 83' lang='lat' dir='ltr'><strong>conceptus</strong></span> <span class='ocrx_word' id='word_1_253' title='bbox 2096 4190 2154 4241; x_wconf 84' lang='lat' dir='ltr'><strong>et</strong></span> <span class='ocrx_word' id='word_1_254' title='bbox 2192 4186 2449 4241; x_wconf 79' lang='lat' dir='ltr'><strong>versione</strong></span> <span class='ocrx_word' id='word_1_255' title='bbox 2482 4180 2764 4255; x_wconf 70' lang='lat' dir='ltr'><strong>germanica</strong></span> 
     </span>
     <span class='ocr_line' id='line_1_37' title="bbox 401 4264 2761 4344; baseline -0.002 -19"><span class='ocrx_word' id='word_1_256' title='bbox 401 4273 470 4326; x_wconf 85' lang='lat' dir='ltr'><strong>ab</strong></span> <span class='ocrx_word' id='word_1_257' title='bbox 507 4277 743 4341; x_wconf 82' lang='lat' dir='ltr'><strong>utraque</strong></span> <span class='ocrx_word' id='word_1_258' title='bbox 779 4279 936 4342; x_wconf 81' lang='lat' dir='ltr'><strong>parte</strong></span> <span class='ocrx_word' id='word_1_259' title='bbox 973 4276 1165 4344; x_wconf 87' lang='lat' dir='ltr'><strong>agnita</strong></span> <span class='ocrx_word' id='word_1_260' title='bbox 1199 4274 1442 4329; x_wconf 85' lang='lat' dir='ltr'><strong>munitus</strong></span> <span class='ocrx_word' id='word_1_261' title='bbox 1478 4280 1579 4329; x_wconf 82' lang='lat' dir='ltr'><strong>est.</strong></span> <span class='ocrx_word' id='word_1_262' title='bbox 1650 4272 2179 4331; x_wconf 80' lang='lat' dir='ltr'><strong>Additamentorum</strong></span> <span class='ocrx_word' id='word_1_263' title='bbox 2217 4290 2284 4326; x_wconf 76' lang='lat' dir='ltr'><strong>ea</strong></span> <span class='ocrx_word' id='word_1_264' title='bbox 2302 4313 2316 4340; x_wconf 87' lang='lat'><strong>,</strong></span> <span class='ocrx_word' id='word_1_265' title='bbox 2368 4291 2509 4342; x_wconf 85' lang='lat' dir='ltr'><strong>quae</strong></span> <span class='ocrx_word' id='word_1_266' title='bbox 2545 4290 2578 4326; x_wconf 77' lang='lat' dir='ltr'><strong>a</strong></span> <span class='ocrx_word' id='word_1_267' title='bbox 2610 4264 2761 4325; x_wconf 80' lang='lat' dir='ltr'><strong>Cardi-</strong></span> 
     </span>
    </p>
   </div>
   <div class='ocr_carea' id='block_1_11' title="bbox 394 4360 2759 4504">
    <p class='ocr_par' dir='ltr' id='par_1_15' title="bbox 394 4360 2759 4504">
     <span class='ocr_line' id='line_1_38' title="bbox 398 4360 2759 4431; baseline 0 -20"><span class='ocrx_word' id='word_1_268' title='bbox 398 4360 524 4411; x_wconf 84' lang='lat' dir='ltr'><strong>nale</strong></span> <span class='ocrx_word' id='word_1_269' title='bbox 559 4360 630 4412; x_wconf 88' lang='lat' dir='ltr'><strong>de</strong></span> <span class='ocrx_word' id='word_1_270' title='bbox 665 4360 902 4414; x_wconf 82' lang='lat' dir='ltr'><strong>Reisach</strong></span> <span class='ocrx_word' id='word_1_271' title='bbox 937 4366 1330 4417; x_wconf 84' lang='lat' dir='ltr'><strong>emanaverunt</strong></span> <span class='ocrx_word' id='word_1_272' title='bbox 1351 4402 1365 4431; x_wconf 90' lang='lat'><strong>,</strong></span> <span class='ocrx_word' id='word_1_273' title='bbox 1422 4378 1673 4416; x_wconf 80' lang='lat' dir='ltr'><strong>sermone</strong></span> <span class='ocrx_word' id='word_1_274' title='bbox 1711 4362 1901 4417; x_wconf 79' lang='lat' dir='ltr'><strong>italico</strong></span> <span class='ocrx_word' id='word_1_275' title='bbox 1940 4363 2038 4417; x_wconf 84' lang='lat' dir='ltr'><strong>scd</strong></span> <span class='ocrx_word' id='word_1_276' title='bbox 2073 4362 2265 4417; x_wconf 87' lang='lat' dir='ltr'><strong>iuncta</strong></span> <span class='ocrx_word' id='word_1_277' title='bbox 2297 4361 2551 4417; x_wconf 81' lang='lat' dir='ltr'><strong>versione</strong></span> <span class='ocrx_word' id='word_1_278' title='bbox 2585 4372 2759 4429; x_wconf 73' lang='lat' dir='ltr'><strong>germa-</strong></span> 
     </span>
     <span class='ocr_line' id='line_1_39' title="bbox 394 4444 1143 4504; baseline 0.009 -8"><span class='ocrx_word' id='word_1_279' title='bbox 394 4444 523 4498; x_wconf 78' lang='lat' dir='ltr'><strong>nica</strong></span> <span class='ocrx_word' id='word_1_280' title='bbox 557 4446 962 4500; x_wconf 76' lang='lat' dir='ltr'><strong>communicata</strong></span> <span class='ocrx_word' id='word_1_281' title='bbox 996 4453 1143 4504; x_wconf 83' lang='lat' dir='ltr'><strong>sunt.</strong></span> 
     </span>
    </p>
   </div>
   <div class='ocr_carea' id='block_1_12' title="bbox 2924 2970 2929 4879">
    <p class='ocr_par' dir='ltr' id='par_1_16' title="bbox 2924 2970 2929 4879">
     <span class='ocr_line' id='line_1_40' title="bbox 2924 2970 2929 4879; baseline 0 0"><span class='ocrx_word' id='word_1_282' title='bbox 2924 2970 2929 4879; x_wconf 95' lang='lat' dir='ltr'><strong> </strong></span> 
     </span>
    </p>
   </div>
  </div>
 </body>
</html>
