2959 4984
418 278 527 333 810
852 278 1111 331 xxxm.
1184 277 1674 332 CONCORDATA
1709 278 2071 332 BAVARIGA
2111 280 2174 329 A.
2211 275 2366 331 1817.

418 444 819 509 necessarios
864 450 975 507 aut
1012 441 1203 507 utiles
1246 441 1379 507 suis
1420 440 1848 506 Dioecesibus
1889 438 2334 520 iudicaverint,
2385 447 2454 505 et
2491 462 2530 504 e
2569 448 2806 505 contra-

416 545 539 627 rio,
582 566 745 629 quos
784 542 1089 628 indignos
1124 541 1514 624 censuerint,
1543 564 1581 604 a
1611 539 2023 629 susceptione
2047 538 2349 605 ordinum
2384 556 2630 623 arcere,
2667 540 2808 625 quin

422 644 503 709 ab
548 644 685 709 ullo
736 642 963 727 quovis
1030 643 1297 708 obtentu
1350 639 1656 729 impediri
1712 647 1986 725 queant3
2045 638 2110 724 c)
2178 660 2401 705 causas
2441 639 2808 705 ecclesiasti-

426 766 533 809 cas
576 752 768 826 atque
812 743 881 805 in
922 741 1149 829 primis
1192 762 1415 805 causas
1456 740 1962 805 matrimoniales
1982 788 2002 822 ,
2071 759 2238 823 quae
2280 738 2462 803 iuxta
2510 761 2810 804 canonem

420 842 518 907 12.
564 864 699 907 sess
740 840 842 905 24.
924 838 1111 907 Sacri
1160 840 1415 906 concilii
1461 838 1827 907 Tridentini
1891 840 1977 905 ad
2031 828 2280 903 iudices
2344 838 2804 905 ecclesiasticos

416 948 729 1029 spectant,
767 940 838 1006 in
882 941 1026 1007 foro
1072 962 1299 1005 eorum
1345 960 1781 1025 cognoscere,
1826 961 1902 1003 ac
1944 938 2028 1003 de
2069 938 2148 1003 iis
2191 939 2579 1005 sententiam
2621 941 2803 1021 ferre,

418 1040 707 1129 exceptis
752 1040 957 1117 causis
1016 1060 1197 1105 mere
1246 1040 1538 1105 civilibus
1585 1037 2022 1120 clericorum,
2081 1040 2368 1129 exempli
2411 1042 2628 1127 gratia
2667 1065 2804 1107 con·-

415 1149 752 1223 tractuum,
798 1140 1185 1223 debitorum,
1218 1139 1712 1221 haereditatum,
1761 1160 1920 1223 quas
1939 1138 2118 1203 Laici
2143 1139 2388 1205 iudices
2423 1151 2808 1227 cognoscent

418 1248 485 1305 et
520 1239 867 1320 definient3
926 1238 997 1323 d)
1044 1240 1113 1305 in
1158 1237 1451 1305 Clericos
1493 1238 2002 1326 reprehensione
2041 1238 2278 1324 dignos
2319 1250 2431 1305 aut
2468 1242 2805 1307 honestum

416 1339 781 1405 clericalem
799 1338 1108 1402 -habitum
1176 1360 1401 1405 eorum
1450 1339 1664 1405 ordini
1703 1347 1786 1403 .et
1825 1338 2126 1425 dignitati
2169 1350 2646 1425 congruentem
2685 1366 2808 1407 non

413 1438 821 1519 deferentes,
881 1460 1160 1525 poenam
1200 1463 1237 1503 a
1284 1462 1465 1505 sacro
1517 1438 1808 1505 Concilio
1849 1437 2232 1503 Tridentino
2273 1448 2546 1507 statutas
2567 1492 2589 1523 ,
2635 1442 2807 1507 alias-

419 1561 545 1625 que
596 1561 755 1623 quas
794 1538 1257 1605 convenientes
1300 1539 1763 1621 iudicaverint,
1807 1538 1986 1603 salvo
2029 1538 2334 1603 canonico
2375 1561 2686 1623 recursu,
2719 1541 2808 1606 in-

412 1640 666 1727 fligere,
719 1659 959 1721 eosque
1002 1638 1072 1703 in
1119 1640 1479 1705 seminariis
1527 1647 1638 1704 aut
1681 1638 1978 1705 domibus
2019 1637 2106 1701 ad
2142 1638 2213 1702 id
2260 1638 2660 1707 destinandis
2709 1664 2806 1705 cu-

412 1739 703 1820 stodire3
771 1737 1060 1803 censuris
1103 1760 1363 1825 quoque
1416 1740 1934 1805 animadvertere
1975 1738 2046 1803 in
2097 1759 2540 1823 quoscumque
2581 1740 2808 1807 fideles

415 1838 989 1903 ecclesiasticarum
1026 1839 1253 1923 legum
1296 1846 1363 1903 et
1404 1860 1734 1905 sacrorum
1779 1860 2099 1904 canonum
2139 1846 2702 1923 transgressores3
2749 1840 2806 1925 e)

414 1961 560 2003 cum
604 1936 800 2004 Olero
850 1948 915 2004 et
955 1938 1209 2025 Populo
1252 1938 1662 2005 Dioecesano
1719 1961 1840 2026 pro
1901 1959 2168 2003 munere
2221 1936 2420 2003 officii
2462 1941 2800 2026 pastoralis

414 2038 885 2103 communicare
905 2086 925 2120 ,
1008 2060 1283 2123 suasque
1346 2037 1798 2103 instructiones
1857 2046 1924 2103 et
1979 2036 2422 2103 ordinationes
2485 2038 2568 2103 de
2611 2042 2802 2105 rebus

411 2137 857 2203 ecelesiasticis
908 2137 1115 2203 libere
1174 2138 1510 2226 publicare
1543 2164 1558 2221 3
1615 2147 1959 2227 praeterea
2001 2136 2478 2227 Episcoporum
2521 2138 2702 2205 Cleri
2745 2151 2806 2206 et

412 2238 650 2325 Populi
693 2236 1183 2303 communicatio
1240 2260 1387 2303 cum
1424 2236 1662 2305 Sancta
1715 2238 1872 2305 sede
1913 2238 1984 2303 in
2023 2239 2221 2303 rebus
2263 2236 2704 2323 spiritualibus
2749 2250 2808 2307 et

411 2338 695 2423 negotiis
742 2336 1189 2403 ecclesiasticis
1230 2360 1500 2426 prorsus
1539 2339 1746 2405 libera
1787 2339 1948 2422 erit3
2011 2336 2070 2421 f)
2117 2338 2366 2406 collatis
2415 2362 2562 2405 cum
2606 2342 2810 2428 Regia

414 2439 745 2503 maiestate
762 2487 783 2521 ,
851 2438 1234 2525 praesertim
1300 2460 1419 2526 pro
1482 2438 1898 2505 convenienti
1957 2438 2287 2508 redituum
2355 2440 2810 2525 assignatione,

416 2538 699 2605 consiliis
744 2538 1079 2625 parochias
1122 2537 1416 2623 erigere,
1481 2538 1776 2606 dividere
1816 2539 1928 2603 vel
1965 2538 2182 2619 unire;
2249 2537 2326 2623 g)
2367 2542 2809 2626 praescribere

410 2640 519 2703 vel
558 2638 848 2703 indicare
890 2640 1121 2724 preces
1166 2638 1457 2725 publicas
1511 2638 1766 2723 aliaque
1825 2634 1931 2725 pia
1973 2660 2205 2725 opera,
2267 2660 2416 2703 cum
2455 2638 2527 2705 id
2569 2643 2812 2707 bonum

411 2738 745 2803 Ecclesiae
789 2737 900 2801 vel
943 2734 1168 2801 Status
1213 2746 1322 2802 aut
1338 2737 1576 2825 Populi
1621 2738 1924 2826 postulet,
1970 2746 2036 2803 et
2073 2736 2439 2821 invigilare,
2483 2748 2558 2805 ut
2597 2742 2670 2807 in
2709 2764 2809 2808 ec·

413 2835 783 2901 clesiasticis
828 2836 1262 2903 functionibus
1308 2838 1690 2927 praesertim
1737 2846 1953 2904 autem
2005 2837 2074 2903 in
2113 2836 2313 2903 Missa
2353 2848 2422 2903 et
2459 2842 2533 2904 in
2577 2841 2811 2907 Admi-

410 2936 787 3003 nistratione
828 2934 1392 3002 sacramentorum
1432 2936 1766 3004 Ecclesiae
1823 2936 2140 3003 formulae
2193 2936 2266 3001 in
2321 2937 2550 3023 lingua
2614 2942 2814 3007 latina

407 3043 825 3123 usurpentur.

570 3184 716 3249 Art.
754 3183 945 3251 XHJ.
1039 3182 1312 3269 Quoties
1352 3182 1852 3273 Archiepiscopi
1897 3192 1963 3248 et
1990 3184 2298 3275 Episcopi
2343 3187 2544 3253 libros
2586 3199 2698 3255 aut
2745 3190 2816 3255 in

413 3284 647 3369 Regno
688 3284 1040 3373 impressos
1103 3292 1213 3349 aut
1250 3283 1320 3347 in
1366 3283 1532 3349 illud
1577 3283 1976 3349 introductos
2029 3284 2367 3352 Gubernio
2411 3288 2812 3374 indicabunt,

404 3384 512 3469 qui
555 3383 798 3469 aliquid
841 3384 1031 3466 fidei,
1095 3384 1279 3449 bonis
1324 3383 1610 3451 moribus
1631 3433 1651 3466 ,
1713 3392 1822 3448 aut
1867 3384 2179 3451 ecclesiae
2230 3378 2624 3479 disciplinae⁶
2652 3412 2809 3455 con-

399 3484 664 3549 trarium
707 3484 1093 3565 contineant,
1139 3482 1546 3550 Gubernium
1581 3482 1846 3568 curabit,
1887 3494 1961 3549 ut
2007 3506 2231 3551 eorum
2273 3487 2633 3575 divulgatio
2681 3490 2802 3555 de-

406 3584 540 3651 bito
586 3584 781 3650 modo
838 3583 1246 3673 impediatur.

566 3736 715 3801 Art.
760 3734 948 3799 XIV.
1050 3733 1351 3801 Maiestas
1397 3733 1536 3801 Sua
1577 3734 1981 3822 prohibebit,
2045 3757 2130 3800 ne
2187 3736 2502 3803 catholica
2547 3739 2813 3825 Religio

402 3838 669 3921 eiusque
710 3835 873 3899 ritus
931 3835 1039 3899 vel
1082 3835 1345 3921 liturgia
1398 3835 1538 3899 sive
1578 3834 1798 3900 verbis
1822 3884 1846 3919 ,
1909 3834 2046 3900 sive
2086 3835 2270 3901 factis
2293 3884 2314 3919 ,
2374 3838 2512 3903 sive
2551 3840 2811 3927 scriptis

402 3944 848 4009 contemnatur
888 3944 1001 3999 aut
1042 3934 1461 3999 ecclesiarum
1493 3934 1808 3999 antistites
1849 3935 1958 3999 vel
2000 3934 2278 4001 ministri
2317 3936 2388 4001 in
2431 3938 2810 4003 exercendo

400 4058 671 4101 munere
708 4046 847 4117 suo,
890 4058 1011 4123 pro
1040 4034 1463 4099 custodienda
1498 4035 1882 4122 praesertim
1913 4033 2070 4099 fidei
2114 4056 2190 4099 ac
2227 4057 2484 4101 morum
2511 4025 2814 4103 doctrina

400 4143 468 4199 et
510 4135 849 4223 disciplina
894 4134 1205 4199 ecclesiae
1248 4134 1707 4221 impediantur.
1751 4133 2150 4199 Desiderans
2192 4144 2538 4223 praeterea
2577 4146 2651 4201 ut
2685 4135 2806 4199 de-

395 4235 587 4317 bitus,
631 4236 812 4301 iuxta
854 4234 1069 4299 divina
1106 4233 1425 4317 mandata,
1469 4234 1668 4299 sacris
1711 4233 2017 4299 ministris
2057 4234 2274 4302 honor
2307 4244 2623 4319 servetur,
2667 4256 2810 4301 non

396 4333 676 4418 patietur
720 4333 1073 4417 quidquam
1120 4334 1301 4417 fieri,
1346 4334 1523 4418 quod
1567 4333 1852 4399 dedecus
1895 4334 2052 4423 ipsis
2089 4334 2326 4399 afferre
2357 4382 2378 4417 ,
2433 4343 2548 4401 aut
2589 4334 2814 4403 eos‘in

402 4438 793 4495 contemtum
832 4432 1157 4499 adducere
1194 4434 1421 4521 possit,
1464 4433 1598 4499 imo
1639 4452 1798 4499 vero
1839 4434 2126 4518 iubebit,
2172 4442 2246 4500 ut
2283 4434 2353 4500 in
2399 4454 2812 4519 quacumque
