2959 4984
427 321 518 374 IV.
587 317 694 372 EX
727 315 952 372 LIBRO
985 315 1264 372 mmo
1296 311 1769 372 ROMANORUM
1802 311 2264 374 PONTIFICUM.
2504 321 2541 374 9

171 491 593 581 Optimatibus,
641 496 706 552 et
736 486 1042 552 universa
1069 483 1330 550 militari
1365 484 1749 571 praesentia,
1796 505 1911 549 seu
1942 485 2187 554 civibus
2218 489 2528 572 honestis,

173 603 229 656 et
279 600 488 656 cuncta
547 587 990 656 Generalitate
1047 584 1272 672 populi
1329 584 1519 648 istius
1576 609 1615 648 a
1656 584 1805 650 Deo
1864 595 2159 653 servatae
2203 589 2534 655 Romanae

169 692 352 772 urbiS,
409 691 460 754 si
507 689 634 753 dici
676 697 810 768 est,
851 712 890 750 a
929 707 1128 773 parvo
1173 705 1380 770 usque
1421 684 1507 748 ad
1546 707 1890 772 magnum,
1932 688 2003 753 in
2038 711 2381 776 personam
2427 689 2532 755 Ill.

173 790 518 856 sanctissimi
579 787 770 852 huius
829 794 1087 851 sanetae
1130 785 1555 872 Apostolicae
1614 785 1789 851 sedis
1832 787 2161 854 Romanae
2200 789 2532 856 Ecclesiae

173 890 552 976 Presbyteri,
623 889 772 953 Deo
820 895 1239 974 cooperante,
1303 894 1370 950 et
1414 887 1747 952 beatorum
1795 889 2265 978 Apostolorum
2305 891 2531 956 annisu

176 991 485 1072 concurrit,
527 999 720 1074 atque
765 987 1092 1053 consensit
1134 986 1384 1052 electio·

316 1089 510 1156 Cuius
552 1089 702 1154 Deo
764 1087 1054 1153 amabilis
1096 1087 1217 1152 viri
1259 1095 1505 1152 tantum
1546 1088 1781 1152 meruit
1834 1088 2005 1178 apud
2058 1091 2341 1156 omnium
2382 1115 2529 1158 con-

165 1191 434 1256 scientias
485 1192 694 1254 bonae
742 1198 808 1254 et
843 1188 1119 1276 pudicae
1164 1187 1665 1252 conversationis
1710 1189 2047 1276 profectio,
2092 1200 2165 1256 ut
2206 1192 2421 1258 nullus
2462 1194 2531 1258 in

165 1293 285 1357 eius
323 1291 632 1356 electione
678 1289 1063 1369 dissideret,
1108 1287 1324 1352 nullus
1371 1288 1661 1369 abesset,
1706 1289 2008 1354 nullusve
2052 1291 2337 1378 seipsum
2384 1295 2529 1358 sub-

164 1394 440 1474 traheret,
486 1413 677 1477 quem
721 1409 960 1478 nempe
1003 1387 1086 1452 ad
1129 1387 1255 1451 hoc
1294 1385 1716 1474 Apostolieae
1759 1388 1917 1454 vicis
1958 1391 2242 1456 officium
2287 1391 2528 1457 incom·
2598 1406 2610 1418 ·

163 1493 458 1578 parabilis,
499 1500 692 1576 atque
731 1488 1112 1555 indeficiens
1134 1488 1265 1552 Dei
1307 1487 1514 1552 nostri
1545 1488 1953 1576 providentia
1978 1491 2531 1579 praedestinatum

165 1593 465 1658 habuerat.
557 1589 906 1674 Quomodo
953 1611 1083 1655 non
1133 1597 1199 1654 et
1237 1587 1536 1654 humanis
1576 1589 1899 1654 mentibus
1938 1591 2257 1656 unanimis
2305 1615 2529 1657 conso·
2564 1629 2569 1632 ·

163 1693 353 1756 nantia
405 1690 784 1759 conveniret
836 1690 905 1754 in
957 1688 1060 1772 id,
1125 1687 1301 1774 quod
1363 1688 1593 1776 procul
1640 1688 1835 1753 dubio
1882 1690 1951 1755 in
1991 1689 2121 1755 Dei
2164 1693 2530 1779 praesentia

167 1793 472 1858 tenebatur
513 1790 854 1857 adfixum?

313 1891 505 1959 Cuius
569 1901 636 1956 et
695 1891 1026 1958 decretum
1071 1890 1447 1956 solemniter
1492 1890 1800 1956 facientes
1820 1940 1840 1973 ,
1908 1900 1974 1956 et
2017 1892 2341 1958 desideria
2385 1917 2524 1959 cor-

165 1992 320 2058 dium
360 1993 524 2058 cirea
567 1991 707 2058 eius
753 1992 1134 2058 electionem
1179 2015 1482 2058 manuum
1526 1992 2103 2079 subscriptionibus
2140 1994 2529 2060 confirman-

165 2101 264 2175 tes,
307 2093 700 2181 profitemur,
744 2092 957 2180 ipsum
995 2093 1142 2158 Deo
1186 2093 1529 2158 amabilem
1572 2101 1865 2158 nostrum
1901 2093 2225 2178 Electum,
2266 2104 2531 2178 castum,

165 2193 480 2280 pudicum,
547 2193 834 2258 sobrium
895 2218 978 2258 ac
1019 2193 1412 2280 benignum,
1478 2202 1545 2257 et
1594 2193 1664 2258 in
1721 2193 2013 2274 omnibus
2055 2194 2181 2282 piis
2226 2196 2531 2284 operibus

163 2314 286 2357 esse
339 2295 697 2381 perfeetum
715 2343 734 2376 ,
795 2301 988 2379 atque
1048 2293 1450 2358 orthodoxae
1513 2294 1669 2358 fidei
1730 2304 1794 2358 et
1850 2304 2215 2360 sanctorum
2264 2293 2529 2360 Patrum

159 2385 492 2459 traditionis
540 2393 971 2476 defensorem,
1018 2402 1083 2458 et
1123 2393 1545 2458 fortissimum
1589 2396 2091 2460 observatorem.

299 2493 488 2560 Hunc
533 2516 759 2560 omnes
771 2545 792 2578 ,
835 2503 908 2559 ut
949 2495 1242 2581 profecto
1285 2493 1695 2560 mitissimum
1738 2494 1989 2578 virum,
2036 2519 2156 2583 pro
2202 2495 2339 2560 eius
2384 2520 2525 2562 sua-

153 2594 389 2660 vissima
419 2619 496 2661 ac
535 2597 746 2661 bonae
787 2595 1136 2660 voluntatis
1179 2595 1533 2659 constantia
1564 2594 1957 2660 unanimiter
1987 2596 2173 2662 nobis
2208 2597 2527 2682 elegimus

151 2693 460 2762 Pastorem
519 2705 714 2782 atque
761 2695 1180 2778 Pontificem,
1250 2695 1427 2760 unde
1465 2696 1571 2769 ‚ob
1637 2696 1773 2760 eius
1835 2697 1981 2785 piae
2024 2697 2525 2764 conversationis

149 2795 564 2882 integritatem
607 2795 952 2860 immensas
979 2795 1405 2884 Redemptori
1443 2805 1667 2862 nostro
1709 2796 1942 2861 laudes
1971 2797 2335 2881 referimuS,
2376 2821 2523 2862 con-

149 2917 286 2959 sona
342 2920 486 2961 cum
527 2895 858 2984 Propheta
902 2905 1203 2961 canentes
1246 2918 1446 2960 voce:
1521 2893 1803 2984 Maqnus
1852 2921 1951 2977 es,
2022 2895 2302 2962 Domine
2348 2896 2526 2963 Deus

149 3009 378 3078 noster,
445 3011 507 3062 et
571 3019 809 3085 maqna
865 2999 1072 3062 virtus
1135 3011 1264 3062 lua.
1377 2995 1536 3076 Quis
1616 2998 1784 3061 enim
1847 2999 2152 3088 loquetur
2192 3002 2525 3084 potentias

161 3106 323 3175 tuas,
369 3095 670 3179 Domine,
719 3109 778 3161 et
823 3097 1088 3162 auditas
1119 3095 1336 3184 faciet
1387 3121 1600 3161 omnes
1650 3097 1871 3162 laudes
1915 3097 2290 3161 clementiae
2334 3099 2529 3162 tuae?

158 3197 461 3278 Quoniam
523 3206 676 3263 vota
728 3198 1088 3285 petentium
1145 3209 1209 3263 te
1265 3198 1658 3281 exaudiens,
1722 3199 1901 3286 pium
1958 3197 2142 3263 nobis
2200 3187 2523 3264 contulisti

155 3293 507 3382 Pastorem,
549 3299 658 3384 qui
702 3307 984 3364 sanctam
1027 3308 1203 3364 tuam
1243 3298 1673 3364 universalem
1717 3297 2111 3382 Ecclesiam,
2162 3308 2227 3364 et
2266 3308 2525 3364 cunctas

155 3394 486 3464 dominicas
529 3423 606 3464 ac
641 3398 986 3465 rationales
1031 3399 1153 3465 sibi
1195 3399 1565 3466 commissas
1606 3421 1760 3465 oves
1790 3421 2027 3486 regere
2058 3409 2250 3485 atque
2284 3402 2521 3485 guber-

159 3517 316 3580 nare,
357 3507 418 3564 te
465 3499 751 3564 Domine
789 3499 937 3565 Deo
983 3507 1050 3563 et
1087 3496 1426 3565 Salvatore
1468 3505 1691 3564 nostro
1734 3508 2146 3587 protegente,
2188 3499 2419 3565 valeat.

302 3598 444 3666 Hoc
484 3621 643 3665 vero
685 3599 1018 3666 decretum
1061 3624 1100 3665 a
1143 3599 1330 3665 nobis
1369 3600 1608 3664 factum
1638 3601 1879 3678 subter,
1916 3610 1990 3664 ut
2011 3600 2367 3688 praefatum
2409 3607 2525 3681 est,

149 3698 418 3765 manibus
466 3699 748 3789 propriis
789 3702 1206 3783 roborantes,
1281 3701 1349 3764 in
1393 3701 1655 3766 archivo
1700 3699 2021 3766 dominico
2060 3709 2316 3765 nostrae
2382 3720 2523 3762 san-

151 3807 272 3863 ctae
309 3801 637 3866 Romanae
678 3801 1046 3884 Ecclesiae,
1118 3801 1366 3865 scilicet
1423 3801 1494 3865 in
1554 3824 1733 3866 sacro
1785 3799 2204 3866 Lateranensi
2265 3798 2521 3882 scrini0,

151 3921 254 3984 pro
293 3901 653 3967 futurorum
695 3911 1062 3990 temporum
1105 3901 1370 3984 cautela,
1413 3902 1680 3967 recondi
1718 3901 1989 3966 fecimus
2031 3901 2098 3964 in
2135 3920 2359 3964 mense
2383 3897 2519 3963 No-

153 4001 433 4084 vembrio,
475 4001 832 4068 indictione
878 4001 1117 4088 quinta.

295 4100 392 4167 El.
429 4100 695 4167 humilis
741 4101 1097 4188 Presbyter
1158 4110 1414 4167 sanetae
1459 4102 1789 4169 Romanae
1834 4099 2169 4168 Ecclesiae
2209 4101 2363 4166 huic
2407 4103 2517 4168 de-

157 4208 306 4264 creto
357 4225 394 4267 a
450 4201 640 4268 nobis
696 4202 865 4267 facto
921 4202 989 4266 in
1031 4201 1135 4268 Ill.
1183 4203 1651 4269 sanctissimum
1698 4203 2169 4288 Presbyterum
2218 4205 2518 4269 consensi

157 4306 210 4360 et
248 4301 622 4391 subscripsi:
667 4303 963 4368 similiter
1007 4311 1180 4368 totus
1226 4302 1458 4369 Clerus
1477 4354 1497 4387 ,
1547 4303 1913 4392 Optimates
1934 4350 1953 4384 ,
2001 4310 2066 4366 et
2107 4300 2351 4369 Milites
2398 4327 2510 4368 seu

159 4393 326 4465 Cives
361 4403 790 4469 subscribunt.
