2959 4984
101 304 284 355 LXIX.
321 302 579 357 BULLA
621 304 1190 357 couvssu'rlotmu
1210 302 1605 355 BADENSEM
1628 303 2085 356 comvmuans
2118 302 2347 359 A.1859.
2382 304 2491 359 403

100 468 548 556 inexcogitato
585 468 846 533 defectu
885 466 1092 533 notari
1117 517 1139 550 ,
1197 476 1310 532 aut
1350 466 1723 555 impugnari
1764 488 1997 555 posse,
2063 468 2179 533 sed
2232 490 2491 557 semper

99 570 307 635 firmas
324 618 345 653 ,
404 568 692 650 validas,
736 576 801 632 et
841 567 1136 631 efficaces
1181 568 1466 633 existere
1510 576 1578 631 et
1615 567 1796 650 fore,
1840 590 2121 653 suosque
2160 570 2489 657 plenarios

104 678 164 733 et
199 670 503 755 integros
547 668 816 732 effectus
877 667 1092 731 sortiri
1139 676 1206 731 et
1247 667 1542 731 obtinere
1562 716 1582 749 ,
1656 676 1723 731 et
1772 666 2231 735 inviolabiliter
2270 671 2488 736 obser-

99 770 227 833 vari
273 770 547 851 debere,
590 788 924 853 quousque
971 767 1374 831 conditiones
1421 774 1489 831 et
1529 774 1715 855 pacta
1754 766 2139 833 inTractatu
2182 791 2493 858 expressa

102 877 460 933 serventur.
519 868 672 934 Non
716 868 1114 933 obstantibus
1158 866 1558 955 Apostolicis
1606 876 1673 933 et
1716 864 2181 952 Synodalibus,
2222 866 2493 934 Provin-

106 968 359 1034 cialibus
411 979 482 1034 et
523 968 1016 1037 Universalibus
1061 965 1369 1033 Conciliis
1386 1017 1407 1050 ,
1479 966 1671 1031 editis
1707 967 2119 1055 generalibus
2165 966 2490 1034 Constitu·

99 1068 372 1135 tionibus
425 1080 494 1135 et
535 1068 1068 1137 Ordinationibus
1090 1117 1112 1151 ,
1152 1090 1227 1133 ac
1265 1066 1526 1133 Nostris
1571 1077 1637 1131 et
1676 1064 2117 1132 Cancellariae
2157 1067 2489 1157 Apostoli-

102 1190 201 1232 cae
237 1170 517 1255 regulis,
559 1168 940 1257 praesertim
989 1168 1071 1233 de
1119 1168 1262 1233 iure
1309 1167 1599 1252 quaesito
1644 1189 1777 1233 non
1818 1168 2151 1251 tollendo,
2192 1190 2315 1233 nec
2358 1189 2489 1233 non

101 1288 641 1355 quarumcumque
689 1266 1160 1351 Ecclesiarum,
1226 1267 1673 1356 Capitulorum
1692 1317 1713 1351 ,
1776 1267 2179 1353 aliorumque
2220 1268 2487 1335 Piorum

101 1365 413 1433 Locorum
455 1369 956 1452 fundationibuS,
996 1368 1188 1433 etiam
1228 1368 1713 1433 confirmatione
1740 1368 2139 1457 Apostolica,
2182 1368 2291 1433 vel
2335 1391 2486 1453 qua·

99 1466 186 1531 vis
229 1467 538 1533 firmitate
582 1470 706 1535 alia
743 1469 1083 1551 roboratis,
1123 1468 1488 1556 privilegiis
1538 1490 1833 1554 quoque,
1876 1469 2155 1534 Induitis
2177 1518 2198 1553 ,
2250 1478 2314 1533 et
2352 1468 2488 1535 Lit-

101 1566 242 1630 teris
285 1568 690 1656 Apostolicis
744 1570 813 1633 in
852 1568 1239 1634 contrarium
1283 1568 1777 1653 quomodolibet
1832 1570 2155 1634 concessis
2167 1620 2188 1653 ,
2258 1570 2488 1635 confir-

104 1667 296 1751 matiS,
337 1679 408 1733 et
449 1669 788 1752 innovatis,
834 1669 1198 1753 ceterisque
1241 1668 1575 1733 contrariis
1618 1669 2147 1755 quibuscumque.
2234 1671 2488 1755 Quibus

113 1769 400 1835 omnibus
445 1778 512 1834 et
557 1769 833 1855 singulis
876 1769 1138 1833 illorum
1196 1776 1455 1833 tenores
1513 1791 1633 1856 pro
1681 1768 2003 1855 expressis
2028 1820 2049 1855 ,
2110 1779 2175 1834 et
2220 1771 2303 1835 ad
2346 1793 2493 1837 ver-

107 1866 250 1931 bum
291 1870 556 1935 insertis
596 1870 944 1952 habentes,
987 1868 1116 1933 illis
1157 1869 1312 1933 alias
1353 1868 1423 1933 in
1461 1891 1579 1933 suo
1619 1871 1855 1934 robore
1899 1871 2370 1958 permansuris,
2410 1874 2493 1937 ad

107 1969 595 2052 praemissorum
655 1970 955 2034 effectum
1007 1968 1371 2051 dumtaxat,
1430 1969 1833 2056 specialiter,
1894 1979 1965 2034 et
2019 1992 2331 2059 expresse
2374 1972 2485 2039 de·

111 2088 423 2152 rogamus,

257 2168 538 2259 Insuper
582 2170 732 2255 quia
796 2168 1062 2233 difficile
1117 2170 1291 2233 foret
1353 2176 1732 2257 praesentes
1774 2168 2051 2233 Litteras
2096 2170 2179 2235 ad
2216 2169 2491 2257 singula,

113 2263 174 2328 in
209 2270 432 2352 quibus
477 2271 562 2335 de
611 2272 706 2335 eis
741 2270 906 2335 fides
947 2270 1242 2335 facienda
1284 2271 1500 2353 fuerit,
1546 2270 1689 2336 loca
1736 2271 1998 2353 deferri,
2041 2270 2269 2337 eadem
2308 2271 2490 2359 Apo·

123 2368 326 2434 stolica
350 2370 754 2435 Auctoritate
803 2370 1208 2435 decernimus
1255 2380 1323 2435 et
1365 2370 1760 2453 mandamuS,
1804 2380 1879 2435 ut
1924 2393 2145 2436 earum
2176 2380 2493 2435 transum-

121 2468 230 2552 ptis
273 2472 465 2537 etiam
506 2472 861 2559 impressis,
905 2494 1097 2538 manu
1139 2480 1355 2536 tamen
1397 2472 1641 2560 publici
1684 2471 1938 2538 Notarii
1984 2470 2380 2559 subscriptis,
2426 2478 2492 2535 et

121 2566 318 2653 sigillo
379 2573 649 2637 alicuius
709 2594 1026 2661 personae
1085 2572 1155 2636 in
1219 2572 1673 2637 Ecclesiastico,
1730 2572 2049 2659 dignitate
2116 2570 2495 2637 constitutae

121 2668 377 2754 munitis,
413 2672 608 2760 plena
646 2672 884 2756 ubique
930 2670 1096 2735 fides
1141 2670 1544 2755 adhibeatur,
1587 2671 1863 2759 perinde
1907 2695 1982 2736 ac
2027 2672 2080 2737 si
2116 2678 2493 2759 praesentes

119 2762 378 2837 Litterae
417 2772 636 2836 forent
673 2770 1000 2836 exhibitae
1042 2772 1152 2836 vel
1193 2778 1510 2837 ostensae.
1612 2770 1701 2837 Et
1734 2770 2001 2859 insuper
2040 2771 2293 2835 irritum
2332 2791 2489 2855 quo-

124 2884 230 2949 que
269 2880 336 2935 et
373 2871 564 2936 inane
613 2870 1021 2935 decernimus
1044 2919 1063 2953 ,
1111 2872 1164 2935 si
1208 2892 1394 2937 secus
1437 2894 1637 2959 super
1677 2872 1779 2937 his
1827 2894 1865 2935 a
1908 2893 2229 2958 quoquam
2269 2870 2491 2957 quavis

123 2970 474 3035 auctoritate
515 2972 798 3036 scienter
837 2972 946 3036 vel
983 2971 1364 3057 ignoranter
1407 2972 1755 3059 contigerit
1798 2972 2116 3038 attentari.

267 3070 451 3137 Nulli
497 3095 658 3159 ergo
703 3072 960 3137 omnino
1015 3072 1351 3138 hominum
1403 3073 1595 3138 liceat
1657 3072 1821 3138 hanc
1870 3073 2177 3161 paginam
2220 3068 2498 3137 Nostrae

129 3172 536 3237 concessionis
559 3222 577 3254 ,
615 3170 1094 3260 adprobationis
1115 3220 1134 3253 ,
1179 3170 1639 3255 ratificationiS,
1680 3173 2135 3259 acceptationis
2159 3219 2179 3254 ,
2224 3170 2496 3259 promis-

130 3268 323 3356 sionis,
365 3271 728 3359 sponsionis
739 3319 760 3354 ,
809 3270 1177 3335 monitionis
1191 3321 1209 3353 ,
1246 3270 1665 3354 hortationis,
1712 3270 1998 3354 decreti,
2034 3269 2499 3356 derogationis,

133 3373 342 3457 statuti,
385 3370 691 3455 mandati,
729 3371 1077 3436 voluntatis
1103 3370 1482 3459 infringere,
1520 3372 1631 3436 vel
1674 3372 1734 3435 ei
1778 3394 1936 3435 ausu
1975 3370 2320 3436 temerario
2350 3392 2499 3435 con-

133 3470 327 3537 traire.
411 3470 487 3539 Si
534 3472 674 3557 quis
721 3480 937 3536 autem
979 3472 1104 3537 hoc
1147 3462 1460 3537 attentare
1506 3472 2047 3560 praesumpserit,
2108 3471 2501 3557 indignatio·-

132 3588 257 3635 nem
300 3571 782 3660 omnipotentis
819 3572 985 3655 Dei,
1053 3596 1127 3637 ac
1165 3572 1521 3637 Beatorum
1565 3572 1745 3637 Petri
1792 3582 1861 3636 et
1901 3572 2088 3639 Pauli
2147 3569 2501 3659 Apostolo-

137 3688 255 3736 rum
298 3672 458 3738 Eius
502 3695 571 3737 se
613 3671 870 3738 noverit
907 3673 1336 3737 incursurum.

269 3774 513 3840 Datum
579 3772 826 3839 Romae
893 3772 1064 3863 apud
1121 3770 1436 3839 Sanctum¹
1489 3772 1755 3838 Petrum
1801 3794 1967 3836 anno
2030 3768 2499 3835 Inearnationis

134 3866 491 3949 Dominicae
532 3872 879 3938 Millesimo
923 3872 1486 3960 octingentesimo
1534 3871 2093 3959 Quinquagesimo
2135 3869 2329 3935 Nono
2365 3868 2500 3933 De—

140 3969 280 4039 cimo
321 3962 652 4039 Kalendas
700 3966 1434 4040 Octobris'Pontificatus
1471 3973 1699 4040 Nostri
1734 3974 1929 4039 Anno
1973 3970 2501 4054 Decimoquarto.

225 4090 542 4155 Marius
589 4088 784 4168 Card.
817 4088 1111 4156 Mattei
1154 4090 1640 4158 Pro-DatariuS.
1694 4090 1780 4156 V.
1816 4088 2008 4157 Card.
2043 4087 2383 4153 Macchi.

606 4190 619 4197 ”
695 4185 858 4255 Visa
903 4189 986 4256 de
1033 4190 1231 4259 Curia
1269 4192 1653 4258 Dominicus
1686 4189 1896 4258 Bruti.

133 4280 282 4356 Loco
323 4293 370 4374 †
409 4290 693 4357 Plumbi.

598 4451 603 4456 .
1805 4375 1859 4441 Ι.
1906 4372 2311 4479 Cugnonius.
