2959 4984
346 262 416 317 72
851 260 970 311 V11.
1043 258 1499 312 CAPITULARE
1535 256 2155 311 ECCLESIASTICUM

1341 426 1745 483 OMNIBUS.

520 552 832 619 LXXIV.
919 548 1006 613 Et
1047 550 1170 613 hoc
1210 548 1397 613 nobis
1442 558 1793 635 conpetens
1842 556 1907 611 et
1946 547 2319 612 venerabile
2362 547 2647 630 videtur,
2688 555 2763 610 ut

328 655 663 744 hospites,
708 650 1063 741 peregrini,
1113 658 1178 713 et
1221 670 1542 737 pauperes
1588 649 2033 737 susceptiones
2074 648 2409 733 regulares
2458 656 2526 709 et
2566 670 2757 711 cano-

356 757 530 821 nicas
574 774 694 843 per
736 754 878 817 loca
925 750 1180 813 diversa
1218 750 1527 813 habeant:
1574 749 1722 832 quia
1764 749 1906 837 ipse
1935 748 2259 814 Dominus
2304 746 2591 810 dicturus
2638 746 2765 810 erit

357 858 427 921 in
468 851 987 919 remuneratione
1031 849 1252 935 magni
1297 848 1460 935 diei:
1512 846 1771 933 Hospes
1801 870 1996 927 eram,
2026 862 2087 912 et
2114 850 2481 933 suscepistis
2508 870 2628 911 me.
2674 846 2765 911 Et

353 954 714 1045 Apostolus,
757 955 1258 1044 hospitalitatem
1299 954 1570 1018 laudans
1618 953 1818 1017 dixit:
1915 951 2051 1016 Per
2096 950 2260 1015 hanc
2310 948 2573 1037 quidam
2616 949 2761 1033 pla-

356 1070 628 1121 cuerunt
675 1055 836 1137 Dec,
885 1056 1134 1143 anqelis
1185 1053 1468 1139 hospitio
1516 1057 1811 1139 suceptis.

1021 1203 1515 1272 EPISCOPIS‚
1566 1204 2081 1274 ABBATIBUS.

545 1326 820 1393 LXXV.
907 1322 1228 1391 Audit-uin
1281 1328 1395 1389 'est
1457 1325 1702 1409 aliquas
1766 1324 2114 1390 abbatissas
2136 1372 2155 1405 ,
2224 1332 2443 1389 contra
2502 1343 2760 1385 morem

363 1437 617 1493 sanctae
658 1426 788 1491 Dei
831 1425 1201 1506 aecclesiae,
1247 1423 1733 1489 benedictiones
1776 1446 1921 1487 cum
1964 1446 2188 1488 manus
2232 1421 2649 1511 impositione
2694 1428 2767 1483 et

367 1528 702 1614 signaculo
765 1535 1019 1591 sanctae
1081 1526 1286 1589 crucis
1332 1547 1529 1611 super
1574 1525 1780 1611 capita
1819 1524 2107 1587 virorum
2150 1524 2337 1603 dare,
2398 1544 2655 1585 necnon
2694 1530 2767 1583 et

357 1628 578 1695 velare
623 1627 911 1713 virgines
957 1650 1100 1691 cum
1144 1626 1601 1691 benedictione
1649 1623 2051 1691 sacerdotali.
2098 1624 2299 1707 Quod
2340 1622 2599 1687 omnino
2641 1643 2759 1683 vo-

360 1730 497 1812 bis,
542 1727 924 1794 sanctissimi
967 1736 1218 1813 p-atreS,
1259 1728 1328 1792 in
1369 1727 1602 1793 vestris
1645 1726 2001 1815 parrochiis
2047 1721 2566 1790 interdicendum
2608 1742 2759 1785 esse

356 1830 601 1895 scitote.
1038 1822 1042 1825 ’

1337 1943 1696 1998 GLERICI
1714 1944 1769 1997 S.

530 2066 840 2133 LXXVI.
929 2064 1026 2133 Ut
1079 2066 1177 2131 illi
1243 2064 1459 2130 clerici
1517 2066 1624 2149 qui
1669 2087 1738 2128 se
1784 2064 2041 2149 fingunt
2083 2062 2303 2126 habitu
2349 2060 2458 2124 vel
2499 2059 2769 2124 nomine

361 2169 707 2233 monachos
773 2189 952 2249 esse,
1025 2176 1091 2231 et
1145 2190 1276 2231 non
1329 2175 1516 2247 sunt,
1582 2163 1968 2229 omnimodis
2025 2162 2283 2227 videtur
2329 2160 2767 2245 corrigendos

262 2298 266 2302 ·
361 2276 554 2351 atque
598 2267 1040 2333 emendandos
1092 2288 1272 2349 esse,
1329 2274 1402 2331 ut
1441 2266 1552 2329 vel
1594 2265 1735 2329 veri
1778 2263 2072 2329 monachi
2116 2262 2273 2344 sint,
2314 2261 2421 2325 vel
2464 2260 2605 2323 veri
2652 2283 2758 2324 ca-

359 2367 572 2433 nonici
616 2369 761 2433 sint.

464 2478 471 2485 ⁶
1354 2516 1759 2571 OMNIBUS.

524 2636 870 2701 LXXVII.
956 2638 1126 2701 Item
1173 2645 1237 2701 et
1276 2637 1741 2723 pseudografia
1786 2648 1851 2702 et
1890 2636 2123 2702 dubiae
2167 2638 2601 2718 narrationes,
2646 2636 2763 2699 vel

359 2758 522 2821 quae
567 2736 827 2801 omnino
875 2746 1096 2801 contra
1136 2736 1336 2800 fidem
1382 2736 1760 2801 catholicam
1804 2747 1987 2817 sunt,
2054 2746 2119 2801 et
2159 2736 2433 2826 epistula
2474 2734 2763 2823 pessima

363 2844 430 2900 et
472 2836 863 2920 ‚falsissima,
932 2860 1122 2923 quam
1184 2847 1501 2903 transacto
1548 2862 1712 2904 anno
1762 2840 2062 2908 dicebant
2110 2839 2305 2923 aliqui
2355 2844 2643 2901 errantes
2694 2846 2764 2900 et

357 2930 426 2999 i'n
468 2957 756 3002 errorem
799 2938 959 3003 alios
999 2939 1324 3004 mittentes
1373 2940 1547 3024 quod
1590 2940 1671 3003 de
1718 2940 1857 3005 celo
1900 2938 2278 3022 cecidisset,
2321 2960 2443 3002 nec
2484 2937 2760 3003 credan-

359 3045 464 3100 tur
527 3058 652 3101 nec
709 3039 1052 3125 legantur,
1120 3040 1238 3104 sed
1292 3042 1785 3122 comburentur,
1854 3062 1937 3104 ne
1994 3041 2063 3105 in
2106 3062 2397 3105 errorem
2439 3060 2561 3126 per
2606 3040 2765 3104 talia

362 3137 597 3225 scripta
637 3139 914 3227 populos
957 3140 1262 3205 mittatur.
1310 3138 1448 3207 Sed
1494 3140 1615 3205 soli
1658 3141 1944 3205 canonici
1984 3140 2132 3206 libri
2165 3150 2230 3205 et
2260 3140 2557 3205 catholici
2590 3149 2759 3205 trac-

361 3245 530 3301 tatus
579 3246 644 3301 et
683 3248 1046 3305 sanctorum
1095 3250 1428 3307 auctorum
1475 3240 1645 3305 dicta
1683 3240 2007 3327 legantur,
2055 3251 2120 3305 et
2162 3240 2515 3305 tradantur.

555 3404 928 3471 ALIQUID
967 3406 1681 3477 SACERDOTIBUS,
1728 3410 2099 3477 ALIQUID
2142 3409 2553 3465 OMNIBUS.

528 3520 910 3589 LXXVIII.
995 3526 1164 3591 Item
1207 3536 1278 3590 ut
1318 3528 1421 3592 isti
1461 3551 1817 3614 mangones
1862 3540 1925 3593 et
1952 3530 2240 3595 cotiones
2277 3529 2550 3615 quisine
2582 3530 2762 3594 omni

357 3621 511 3707 lege
575 3624 944 3709 vagabundi
985 3625 1230 3690 vadunt
1274 3649 1393 3715 per
1436 3628 1624 3693 istam
1666 3639 1942 3712 terram,
2008 3653 2141 3695 non
2186 3630 2471 3695 sinantur
2510 3651 2758 3715 vagare

368 3728 433 3785 et
475 3721 890 3809 deceptiones
935 3724 1302 3791 hominibus
1346 3750 1565 3813 agere.
1653 3728 1797 3793 Nec
1840 3729 1947 3793 isti
1990 3730 2148 3795 nudi
2196 3753 2341 3795 cum
2384 3730 2558 3793 ferro
2577 3778 2597 3811 ,
2644 3732 2762 3814 qui

367 3819 588 3885 dicunt
631 3844 698 3886 se
745 3822 890 3888 data
935 3824 1056 3889 sibi
1101 3827 1496 3913 poenitentia
1539 3827 1637 3892 ire
1677 3838 2007 3915 vagantes
2092 3829 2328 3895 Melius
2372 3830 2648 3913 videtur,
2704 3832 2760 3895 si

363 3919 607 4005 aliquid
665 3923 1114 3989 inconsuetum
1160 3935 1225 3991 et
1275 3927 1542 4015 capitale
1588 3930 1832 3994 crimen
1875 3931 2327 4014 conmiserint,
2398 3940 2470 3995 ut
2510 3932 2579 3996 in
2621 3955 2757 3997 uno

358 4018 503 4083 loco
546 4032 966 4107 permaneant
1012 4025 1377 4091 laborantes
1423 4038 1491 4091 et
1534 4028 1908 4111 servienteS,
1956 4038 2020 4093 et
2059 4031 2513 4119 paenitentiam
2552 4054 2756 4118 agen-

358 4126 456 4183 tes
503 4121 856 4188 secundum
903 4125 1077 4209 quod
1128 4126 1248 4192 sibi
1295 4129 1599 4193 canonice
1642 4128 1992 4218 inpositum
2036 4131 2135 4195 sit.

1257 4292 1300 4347 Ο
1315 4294 1376 4347 Μ
1391 4295 1442 4353 N
1453 4296 1480 4347 I
1538 4296 1577 4352 C
1590 4296 1635 4355 L
1653 4296 1701 4357 E
1720 4296 1771 4357 R
1786 4297 1847 4351 0.

518 4404 829 4475 LXXIX.
921 4409 1198 4478 Cautum
1233 4412 1595 4479 Romanum
1632 4416 1915 4503 pleniter
1959 4418 2223 4503 discant,
2268 4428 2333 4483 et
2374 4418 2755 4485 ordinabili-
