2959 4984
423 308 528 363 132
861 306 1028 357 XXV.
1107 305 1527 357 ALEXANDRI
1564 304 1705 354 vul.
1746 300 2059 353 MTERAE
2096 304 2157 353 A.
2196 301 2355 356 1691.

589 474 742 539 Art.-
782 474 842 539 5.
927 472 1226 539 Voulons
1265 472 1585 556 qu’aueun
1622 468 1973 551 bachelier,
2012 468 2139 533 soit
2178 466 2457 533 seculier
2500 489 2585 531 ou
2628 470 2832 552 regu—

423 577 566 658 lier,
609 596 692 641 ne
735 574 952 661 puisse
999 576 1134 639 &tre
1179 573 1577 639 dorenavant
1620 570 1911 651 licencie,
1954 578 2093 633 tant
2130 590 2214 633 en
2264 568 2599 655 theologie
2632 566 2833 653 qu'en

427 675 600 744 droit
643 695 848 741 canon
864 722 882 755 ,
925 672 992 737 ni
1035 674 1172 737 etre
1215 694 1372 751 recu
1423 672 1692 735 docteur
1739 670 2039 756 qu'apres
2080 670 2263 732 avoir
2306 678 2579 733 soutenu
2626 665 2834 731 ladite

425 775 718 843 doctrine
759 774 918 839 dans
961 774 1136 839 l’une
1184 772 1265 837 de
1303 792 1408 835 ses
1455 771 1677 835 theses
1694 818 1713 852 ,
1762 768 1925 833 dont
1962 768 2010 832 il
2052 768 2193 833 fera
2234 768 2535 855 apparoir
2578 772 2619 831 a
2660 788 2834 831 ceux

431 875 542 961 qui
581 884 696 941 ont
733 874 907 939 droit
947 872 1030 937 de
1077 871 1376 937 conferer
1419 892 1529 935 ces
1572 869 1813 955 degree
1856 868 2017 933 dans
2059 869 2157 932 les
2198 866 2607 933 universiteS.

598 975 745 1041 Art.
787 976 847 1039 6.
933 972 1308 1041 Exhortons
1365 970 1779 1052 neanmoins,
1848 969 2229 1055 enjoignons
2290 973 2329 1031 ὲ,
2388 978 2533 1035 tous
2586 970 2687 1034 les
2736 994 2835 1035 ar-

430 1077 798 1159 cheveques
861 1083 926 1137 et
973 1073 1256 1156 eveques
1303 1072 1386 1135 de
1429 1080 1619 1136 notre
1666 1090 2014 1155 royaume,
2082 1090 2278 1157 payS,
2342 1078 2549 1133 terres
2594 1078 2661 1133 et
2712 1069 2835 1135 sei—

429 1174 734 1263 gneuries
803 1174 884 1239 de
951 1182 1172 1237 nostre
1229 1172 1605 1237 obeissance
1624 1220 1641 1254 ‚
1710 1170 2120 1259 d’employer
2160 1170 2306 1233 leur
2346 1169 2625 1233 autel-ite
2668 1190 2839 1257 pour

430 1277 588 1343 faire
647 1274 998 1361 enseigner
1012 1325 1030 1358 ,
1101 1274 1262 1339 dans
1307 1274 1639 1339 l’ctendue
1686 1272 1769 1337 de
1810 1272 1989 1337 leurs
2032 1271 2326 1337 dioceses
2344 1320 2363 1353 ⁷
2428 1272 2491 1335 la
2540 1271 2838 1337 doctrine

427 1387 746 1445 eontenue
809 1378 968 1442 dans
1031 1375 1232 1442 ladite
1291 1375 1697 1441 declaration
1754 1374 1911 1437 faite
1972 1396 2091 1461 par
2144 1374 2371 1438 lesdits
2424 1374 2701 1461 deputes
2750 1371 2839 1435 du

431 1478 675 1561 olel-ge.

595 1576 739 1640 Art.
777 1578 834 1641 7.
921 1577 1316 1643 Ordonnons
1379 1598 1511 1640 aux
1554 1576 1805 1663 doyens
1846 1586 1913 1640 et
1952 1574 2217 1661 syndics
2262 1575 2381 1641 des
2423 1576 2694 1640 facultes
2756 1575 2842 1639 de

429 1676 761 1763 theologie
805 1677 886 1741 de
931 1676 1100 1741 tenir
1145 1677 1210 1741 la
1255 1675 1430 1739 main
1471 1680 1509 1739 ὲ
1546 1675 1940 1741 l’execution
1979 1676 2099 1745 des
2142 1679 2503 1763 presentes,
2550 1678 2588 1737 ὲ
2639 1675 2843 1761 peine

433 1778 584 1845 d’en
623 1777 954 1865 repondre
998 1799 1084 1843 en
1125 1778 1269 1843 leur
1311 1796 1555 1864 propre
1598 1785 1665 1840 et
1700 1775 1887 1862 prive
1928 1796 2100 1840 nom.

604 1894 694 1960 SI
737 1892 1190 1960 DONNONS
1237 1892 1362 1959 EN
1405 1892 1991 1959 MANDEMENT
2061 1897 2099 1955 ὲ
2154 1912 2272 1956 nos
2316 1894 2492 1956 ames
2534 1902 2601 1954 et
2642 1890 2847 1956 feaux

429 1994 528 2063 les
565 2012 730 2077 gens
775 2003 1002 2059 tenant
1044 2016 1163 2059 nos
1205 2018 1392 2059 eours
1435 1994 1517 2057 de
1562 1994 1960 2081 parlement,
2020 2014 2143 2077 que
2192 2014 2299 2056 ces
2341 1995 2681 2079 presentes
2720 2014 2846 2057 nos

439 2092 663 2156 lettres
680 2142 698 2175 ,
755 2114 836 2158 en
877 2095 1086 2159 forme
1126 2094 1356 2178 d’edit,
1406 2094 1739 2159 ensemble
1779 2094 1977 2158 ladite
2020 2092 2411 2157 declaration
2458 2092 2545 2155 du
2591 2092 2846 2178 clergc,

437 2192 518 2257 ils
583 2193 826 2257 fussent
879 2194 1038 2276 lire,
1101 2196 1358 2281 publici·
1424 2204 1489 2257 et
1530 2194 1931 2279 enregistrer
1972 2216 2101 2257 aux
2138 2194 2381 2279 greffes
2429 2192 2511 2255 de
2552 2192 2850 2256 nosdites

439 2314 663 2376 eourS,
727 2302 792 2357 et
847 2294 964 2357 des
1007 2294 1382 2380 bailliageS,
1445 2292 1952 2358 senechaussees
1998 2302 2064 2357 et
2102 2294 2489 2357 universites
2535 2290 2619 2356 de
2664 2292 2852 2357 leurs

435 2403 732 2475 ressorts,
779 2394 1020 2459 chacun
1067 2416 1149 2459 en
1190 2395 1366 2459 droit
1404 2394 1521 2476 soi,
1568 2403 1633 2457 et
1672 2394 1848 2457 aient
1886 2398 1923 2457 ὲ
1964 2393 2131 2457 tenir
2172 2394 2233 2458 la
2272 2393 2444 2458 main
2488 2398 2526 2457 Ξι
2555 2392 2705 2455 leur
2733 2392 2849 2456 ob—

437 2494 760 2559 servation
775 2545 794 2577 ‚
859 2518 1006 2559 sans
1067 2496 1328 2559 souffrir
1389 2494 1547 2579 qu’il
1608 2516 1657 2579 y
1700 2494 1825 2558 soit
1866 2502 2263 2558 contrevenu
2307 2492 2739 2557 directement
2778 2493 2847 2556 in

431 2592 945 2676 indirectement,
991 2603 1058 2657 et
1096 2599 1134 2657 ὲ
1175 2592 1499 2681 proceder
1540 2601 1761 2657 contre
1806 2594 1902 2657 les
1945 2600 2443 2656 contrevenants
2484 2613 2565 2655 en
2602 2592 2669 2655 la
2704 2614 2845 2655 ma-

437 2693 617 2759 niere
674 2693 862 2776 qu’ils
923 2694 986 2756 le
1027 2695 1343 2777 jugeront
1389 2698 1424 2757 ὲ
1468 2714 1749 2781 prOPOS,
1818 2692 2071 2757 suivant
2114 2691 2481 2777 l’exigence
2529 2691 2649 2757 des
2693 2716 2847 2773 cas;

434 2812 538 2857 ear
595 2791 688 2855 tel
733 2799 832 2855 est
873 2802 1059 2856 notre
1102 2793 1342 2881 plaisir.
1435 2792 1523 2857 Et
1553 2843 1572 2875 ,
1644 2792 1773 2856 afin
1818 2813 1944 2876 que
1980 2812 2063 2855 ce
2104 2791 2230 2855 soit
2270 2790 2465 2855 chose
2510 2792 2721 2856 ferme
2778 2803 2850 2855 et

432 2891 636 2955 stable
675 2894 712 2953 ὲ
751 2892 1040 2975 toujours
1063 2942 1082 2973 ‚
1145 2914 1308 2957 nous
1363 2916 1565 2957 avons
1624 2892 1739 2956 fait
1782 2900 2012 2956 mettre
2054 2900 2241 2955 notre
2290 2891 2422 2955 scel
2469 2894 2505 2954 ὲ,
2549 2890 2840 2955 cesdites

431 2992 786 3077 presentes,

597 3108 835 3174 Donne
877 3116 914 3175 ὲ
961 3110 1834 3197 Saint·Germain-en-Laye,
1880 3118 2001 3173 ete.

2026 3224 2231 3313 Siqne
2273 3222 2577 3293 LOUIS.

437 3405 657 3471 XXV.
745 3407 1224 3474 Alexandri
1283 3409 1470 3476 VIII.
1534 3412 1851 3475 literae
1914 3412 2016 3477 ad
2070 3408 2594 3476 Ludovicum
2648 3404 2838 3471 XIV.

1101 3531 1389 3594 regem
1439 3508 1780 3577 Galliac
1816 3513 1877 3575 ἐι.
1920 3510 2078 3576 1691
2116 3510 2205 3596 *).

608 3656 956 3726 Carissime
1012 3660 1080 3724 in
1141 3659 1396 3729 Christo
1459 3662 1611 3727 Filii
1673 3672 1893 3727 noster
1959 3662 2233 3727 salutem
2300 3670 2423 3725 etc.
2536 3658 2703 3725 Oum
2772 3659 2844 3723 in

436 3781 848 3847 summopere
891 3762 1240 3827 metuendo
1283 3763 1569 3829 mortalis
1615 3763 1803 3828 huius
1846 3763 2015 3827 vitae
2060 3761 2339 3827 confinio
2386 3760 2713 3825 constituti
2755 3758 2843 3823 de

439 3860 778 3927 reddenda
819 3860 1018 3925 iudici
1064 3862 1386 3945 districto,
1445 3871 1513 3927 et
1558 3862 1859 3950 pulsanti,
1902 3862 2328 3929 demandatae
2372 3860 2565 3927 nobis
2604 3860 2678 3925 in
2716 3858 2846 3925 Ec-

443 3958 638 4025 clesia
690 3958 821 4023 Dei
883 3982 1224 4047 supremae
1285 3962 1863 4027 administrationis
1910 3963 2175 4030 ratione
2236 3962 2407 4027 serio
2453 3959 2847 4045 cogitemtm,

443 4069 806 4146 nostrarum
848 4080 992 4123 esse
1045 4063 1323 4147 partium
1389 4062 1649 4130 omnino
1712 4062 2047 4145 ducimus,
2100 4061 2315 4145 irrita,
2378 4070 2570 4146 atque
2624 4058 2849 4123 inania

447 4158 771 4225 declarare
819 4159 1064 4240 omnia,
1113 4183 1274 4245 quac
1311 4161 1559 4245 aliquot
1598 4164 1680 4226 ab
1728 4162 1877 4225 hinc
1920 4162 2101 4226 annis
2142 4160 2210 4225 in
2252 4160 2377 4224 isto
2420 4180 2629 4245 regno
2674 4158 2846 4241 Tne,

643 4400 694 4466 *)
729 4400 849 4455 Hoc
883 4402 1304 4453 monumentum
1338 4403 1396 4451 et
1439 4398 1551 4451 duo
1590 4397 1878 4467 sequentia
1912 4400 2107 4451 extant
2140 4396 2287 4465 apud
2320 4396 2379 4451 P.
2411 4392 2675 4447 Desirant
2704 4390 2852 4447 Con·

449 4483 635 4535 silium
670 4486 898 4551 pietatis
933 4487 1003 4539 de
1042 4503 1156 4540 non
1193 4484 1487 4553 sequendis
1528 4484 1862 4539 errantibus,
1900 4478 2111 4539 Romae
2146 4484 2303 4539 1720.
