2959 4984
398 275 505 332 m
574 269 871 330 LXXXIII.
944 267 1425 326 cons'rlw'rlo
1462 269 1568 324 DE
1605 265 2278 324 APPEILATIOMBUS
2317 267 2386 323 A.
2425 267 2604 323 fin:

402 443 633 510 diebus
678 438 911 508 saltem
948 433 1338 519 Dominicis,
1384 443 1451 502 et
1493 431 1706 502 Festis
1751 435 2150 502 solemnibus
2177 435 2418 503 Plebes
2460 436 2588 503 sibi
2637 453 2805 502 com-

394 541 621 610 missas
666 537 1060 606 salutaribus
1097 537 1317 602 verbis
1350 557 1622 625 pascere
1659 535 2155 624 compellantur,
2179 535 2480 602 docendo
2511 557 2616 620 ea,
2645 557 2809 621 quae

396 642 481 710 ad
522 642 801 708 salutem
836 637 1207 704 necessaria
1252 647 1424 722 sunt,
1454 640 1648 724 juxta
1688 636 2054 702 Decretum
2095 636 2286 706 Sacri
2315 635 2608 704 Concilii
2655 657 2806 702 sess.

398 741 460 808 5.
502 741 587 808 de
631 739 924 808 Reform.
966 761 1110 826 cap.
1148 737 1209 802 2.

564 842 625 924 9.
664 841 727 906 9.
812 839 983 906 Item
1050 837 1365 904 adversus
1411 834 1901 924 deputationem
1945 835 2368 902 Vicat-iorum
2411 835 2616 902 etiam
2647 857 2810 924 per·

396 951 745 1032 petnornm
760 989 781 1024 ,
838 961 989 1004 cum
1034 937 1477 1024 assignatione
1521 933 1896 1022 (longi-uae,
1939 955 2062 1023 per
2101 955 2264 1022 quos
2315 934 2496 1002 Cura
2538 935 2806 1000 Anima-

400 1061 547 1108 rum
588 1049 977 1106 exerceatur
996 1085 1017 1120 ,
1070 1035 1327 1122 quoties
1382 1037 1574 1126 plura
1616 1034 1954 1101 Beneficia
2009 1033 2254 1101 Curata
2319 1056 2408 1100 ex
2447 1035 2808 1124 Dispensa-

398 1140 579 1208 tione
618 1137 1007 1228 Apostolica
1050 1137 1133 1203 ab
1176 1135 1395 1222 aliquo
1436 1135 1887 1218 obtineantnr3
1952 1133 2066 1200 vel
2109 1135 2364 1220 quoties
2407 1135 2652 1202 eadem
2690 1135 2808 1200 Be-

400 1240 641 1308 neficia
708 1235 954 1306 Ourata
998 1235 1504 1304 cathedralibus
1522 1283 1544 1318 ,
1613 1234 1998 1321 Collegiatis
2013 1283 2034 1318 ,
2106 1255 2224 1302 seu
2277 1235 2426 1301 aliis
2466 1235 2810 1318 Ecclesiis,

398 1340 509 1406 vel
550 1337 988 1422 Monasteriis‚
1029 1335 1403 1419 Beneficiis,
1442 1358 1562 1402 seu
1597 1333 1944 1422 Collegiis,
1981 1345 2096 1402 aut
2132 1336 2260 1424 piis
2299 1333 2500 1402 Locis
2549 1337 2810 1421 quibus-

400 1459 679 1524 cumque
723 1445 1041 1528 perpetuo
1082 1435 1306 1520 unita,
1352 1446 1419 1500 et
1460 1457 1716 1501 annexa
1755 1436 2206 1524 reperiuntur3
2241 1437 2438 1522 juxta
2481 1436 2808 1524 praescri-

396 1549 583 1630 ptum
626 1537 787 1604 dicti
831 1535 1021 1604 Sacri
1067 1534 1347 1602 Concilii
1404 1557 1565 1602 sess.
1609 1537 1672 1600 7.
1733 1533 1818 1600 de
1861 1535 2151 1602 Reform.
2193 1557 2334 1624 cap.
2377 1536 2442 1601 5.
2517 1546 2590 1602 et
2635 1559 2694 1602 c.
2737 1536 2808 1626 7.,

398 1649 465 1706 et
498 1639 691 1726 juxta
714 1636 1269 1708 Constitutionem
1314 1659 1453 1702 san.
1503 1654 1698 1701 mem.
1721 1635 1825 1702 Pii
1848 1635 1932 1700 V.
1981 1657 2148 1721 quae
2181 1634 2448 1724 incipit:
2493 1635 2620 1702 Ad
2667 1655 2808 1700 exe·

494 1738 759 1805 endum.

404 1759 493 1826 (1¹¹
572 1839 631 1920 §-
677 1838 777 1904 10.
874 1837 1045 1902 Item
1108 1833 1421 1902 adversus
1468 1834 1934 1900 Visitationem
1981 1835 2474 1902 Beneficiorum
2533 1834 2808 1902 Curato-

396 1960 587 2023 rum,
626 1945 700 2002 ut
748 1957 963 2024 supra,
1000 1944 1323 2024 perpetuo
1364 1935 1742 2019 unitorum,
1783 1957 2043 2000 necnon
2081 1956 2654 2021 quarumcumque
2693 1933 2808 2000 Ec-

397 2037 747 2104 elesiarum
790 2034 1280 2154 quomodolibet
1322 2045 1797 2122 exemptarum,
1837 2044 2033 2124 prout
2071 2035 2269 2102 etiam
2311 2035 2638 2102 adversus
2680 2035 2807 2100 De-

398 2149 601 2222 creta,
647 2146 715 2202 et
754 2136 1164 2226 provisiones
1206 2137 1289 2201 ab
1322 2133 1682 2204 Ordinario
1721 2135 2092 2224 capiendas,
2123 2145 2202 2202 ut
2238 2157 2412 2220 quae
2447 2136 2520 2200 in
2565 2135 2670 2202 eis
2717 2156 2806 2200 re-

396 2237 735 2355 paratione
776 2236 1101 2324 indigent,
1138 2246 1564 2325 reparentur,
1609 2247 1674 2302 et
1719 2234 1898 2302 Cura
1940 2236 2368 2322 Animarum,
2414 2237 2468 2304 si
2511 2257 2650 2322 qua
2683 2235 2806 2300 illis

400 2337 697 2404 imminet
718 2337 1053 2423 ,aliisque
1100 2336 1337 2403 debitis
1386 2337 1716 2422 obsequiis
1761 2336 2028 2402 minime
2075 2337 2584 2420 defraudentur,
2621 2338 2806 2422 juxta

398 2436 891 2527 dispositionem
932 2433 1122 2502 Sacri
1172 2433 1454 2506 Concih’i
1499 2435 1730 2502 eadem
1773 2457 1932 2502 sess.
1977 2435 2038 2500 7.
2079 2436 2163 2501 de
2204 2435 2498 2503 Reform.
2543 2461 2693 2528 cap.
2725 2437 2798 2519 8.,

368 2547 469 2642 'et
508 2559 667 2604 sess.
704 2536 810 2603 21.
852 2557 995 2624 cap.
1038 2538 1097 2600 7.

576 2640 638 2718 §-
687 2637 785 2701 11.
870 2636 1040 2701 Item
1082 2659 1121 2700 a
1161 2633 1471 2700 Decretis
1495 2682 1515 2718 ,
1575 2656 1690 2700 seu
1727 2635 2074 2719 Mandatis‚
2117 2655 2242 2724 per
2279 2657 2452 2722 qnae
2493 2635 2802 2726 Episcopi
2939 2693 2941 2702 .

402 2737 601 2804 etiam
658 2737 757 2802 uti
818 2735 1243 2825 Apostolicae
1288 2731 1486 2800 Sedis
1529 2734 1842 2823 Delegati
1860 2785 1881 2819 ‚
1939 2736 2010 2800 in
2047 2733 2364 2802 Ecclesiis
2408 2735 2804 2802 Parochiali·

402 2839 525 2904 bus
541 2886 561 2920 ‚
616 2844 727 2900 aut
772 2836 1279 2924 Baptismalibus
1298 2883 1317 2918 ,
1390 2835 1459 2900 in
1521 2836 1752 2921 quibus
1791 2837 2084 2926 Populus
2125 2837 2216 2901 ita
2257 2859 2656 2904 numerosus
2696 2847 2802 2922 est,

404 2945 481 3002 ut
519 2959 687 3002 unus
728 2937 974 3003 Rector
1026 2958 1159 3000 non
1214 2935 1420 3023 possit
1482 2935 1792 3002 sufficere
1835 2935 2320 3002 Ecclesiasticis
2363 2935 2801 3005 sacramentis

406 3035 872 3120 ministrandis,
915 3045 980 3101 et
1026 3033 1247 3101 Cultui
1288 3035 1533 3101 Divino
1586 3035 1992 3123 peragendo,
2035 3045 2279 3123 cogant
2316 3036 2664 3122 Rectores,
2707 3037 2804 3102 vel

408 3137 607 3221 alios,
658 3136 745 3201 ad
784 3157 947 3221 quos
992 3133 1311 3224 pertinet,
1384 3135 1510 3201 sibi
1549 3144 1644 3200 tot
1687 3133 2084 3202 Sacerdotes
2127 3136 2212 3201 ad
2252 3137 2380 3202 hoc
2422 3161 2666 3208 munus
2707 3141 2800 3206 ad-

400 3237 722 3322 jungere,
790 3243 949 3319 quot
986 3234 1315 3300 sufficiant
1354 3234 1439 3300 ad
1482 3233 1910 3300 Sacramenta
1950 3235 2320 3302 exhibenda
2340 3285 2360 3319 ,
2423 3247 2494 3304 et
2553 3237 2802 3306 Cultum

403 3333 719 3402 Divinum
764 3333 1263 3400 celebrandum:
1306 3335 1447 3400 Aut
1499 3334 1692 3404 etiam
1735 3335 1956 3402 invitis
1999 3336 2408 3419 fleam-ibus,
2453 3340 2804 3425 procedant

402 3433 487 3500 ad
531 3433 1065 3499 constitutionem
1106 3456 1417 3500 novarum
1441 3435 1931 3520 Parochiarum,
1977 3455 2128 3502 cum
2159 3435 2612 3522 assignatione
2643 3461 2802 3504 com-

404 3534 687 3624 petentis
735 3533 1075 3623 portionis,
1113 3534 1227 3600 ubi
1270 3536 1351 3601 ob
1394 3536 1698 3602 locorum
1733 3535 2126 3619 distantiam,
2166 3537 2304 3602 sive
2333 3537 2802 3621 difficultatem,

405 3635 814 3720 Parochiani‚
856 3633 996 3700 sinc
1036 3655 1277 3720 magno
1318 3635 1755 3720 incommodo,
1799 3636 1886 3703 ad
1910 3636 2340 3725 percipienda
2363 3635 2802 3723 Sacramenta,

404 3744 469 3800 ct
512 3734 755 3800 Divina
800 3731 1041 3801 Officia
1082 3733 1408 3800 audienda
1450 3735 1773 3802 accedere
1817 3759 1950 3802 non
1987 3747 2304 3825 possunt3
2365 3739 2478 3802 vel
2527 3739 2800 3823 denique

401 3843 671 3924 propter
711 3843 1163 3924 paupertatem
1184 3886 1204 3920 ‚
1270 3844 1337 3900 et
1384 3835 1453 3900 in
1499 3837 1778 3902 caeteris
1835 3838 2096 3904 casibus
2161 3860 2202 3900 a
2251 3839 2404 3923 jure
2450 3841 2801 3926 permissis,

404 3933 708 4000 deveniat
752 3934 836 4000 ad
878 3935 1153 4000 uniones
1186 3945 1538 4024 perpetuas
1577 3935 1854 4002 aliorum
1877 3936 2368 4002 Beneficiorum
2391 3938 2802 4027 simplicium,

404 4056 536 4099 non
575 4043 794 4099 tamen
837 4034 1283 4120 Regularium,
1308 4037 1500 4121 juxta
1539 4035 2034 4124 dispositionem
2081 4035 2272 4104 Sacri
2323 4036 2610 4104 Consilii
2655 4063 2801 4106 sess.

402 4133 503 4198 21.
546 4133 629 4198 de
672 4133 961 4200 Reform.
1012 4157 1157 4222 cap.
1198 4134 1260 4200 4.
1302 4145 1370 4200 et
1412 4157 1556 4224 cap.
1599 4138 1660 4200 5.
1719 4145 1788 4201 et
1831 4157 1992 4204 sess.
2035 4137 2137 4202 24.
2189 4137 2492 4204 similiter
2556 4139 2644 4204 de
2686 4141 2798 4206 Re-

404 4234 595 4299 form.
640 4257 781 4322 cap.
827 4233 926 4299 13.

574 4333 631 4410 §.
678 4331 775 4396 12.
858 4331 1031 4397 Item
1090 4357 1129 4398 a
1190 4333 1612 4424 deputatione
1673 4333 2146 4423 Coadjutorum
2163 4386 2186 4422 ,
2241 4346 2353 4402 aut
2392 4337 2803 4405 Vicariorum

410 4448 543 4510 pro
559 4436 879 4515 tempore,
916 4433 1028 4497 vel
1054 4433 1198 4498 aliis
1225 4434 1709 4522 provisionibus
1738 4435 2176 4526 ahEpiscopo
2207 4436 2572 4526 capiendis,
2611 4440 2801 4506 etiam
