2959 4984
373 257 482 315 880
823 254 1068 308 vam.
1141 254 1631 308 coucoaDA'rA
1669 255 2032 308 BADENSIA
2071 258 2133 307 A.
2172 251 2323 307 1859.

381 422 761 512 episcopum
801 420 974 485 inter
1033 426 1102 483 et
1141 416 1551 485 Gubernium
1608 418 1894 484 consiliis
1946 418 2443 508 praescribenda
2484 442 2571 485 ac
2612 419 2778 501 dein,

376 524 432 590 si
477 544 640 610 opus
683 518 897 603 fuerit,
943 519 1250 584 mutanda
1293 528 1504 584 erunt.

545 620 936 708 Superiores
977 640 1239 705 quoque
1283 627 1349 685 et
1389 620 1805 709 Repetitores
1836 622 2096 688 nonnisi
2134 622 2309 689 initis
2352 642 2500 690 cum
2548 620 2783 687 eodem

373 721 894 809 Archiepiscopo
961 720 1242 785 consiliis
1311 740 1398 785 ex
1465 720 1623 785 viris
1684 722 2137 820 ecclesiasticis
2196 734 2387 791 erunt
2463 719 2782 810 eligendi.

378 822 629 891 Omnes
671 831 886 887 autem
931 821 1039 887 alii
1079 821 1150 885 in
1183 820 1418 886 iisdem
1447 820 1871 945 Convictibus
1915 825 2143 909 quovis
2188 847 2458 891 munere
2495 824 2782 909 fungen-

375 934 474 991 tes
519 923 815 991 catholici
858 921 987 987 sint
1031 928 1308 1010 oportet.

545 1040 730 1106 Inter
772 1040 1066 1104 alumnos
1113 1036 1411 1103 catholici
1468 1046 1715 1103 tantum
1756 1040 1945 1127 pueri
1996 1048 2063 1105 et
2110 1041 2568 1107 adolescentes
2598 1046 2786 1103 erunt

383 1140 769 1208 admittendi
811 1139 1166 1227 praemisso
1202 1146 1419 1203 tamen
1462 1138 1781 1223 examine,
1828 1140 1930 1204 cui
1957 1140 2457 1234 Archiepiscopi
2486 1140 2782 1225 Delega-

373 1250 479 1306 tus
525 1240 829 1305 assistere
874 1239 1156 1305 debebit.
1203 1236 1418 1305 Nemo
1467 1260 1664 1327 porro
1704 1239 2078 1307 admittatur
2109 1240 2247 1309 sine
2275 1238 2784 1329 Archiepiscopi

373 1364 713 1424 consensu,
757 1363 949 1406 nemo
991 1340 1151 1405 item
1189 1341 1259 1405 in
1305 1338 1611 1427 Collegio
1654 1340 2029 1426 retineatur,
2074 1364 2269 1429 quem
2309 1341 2489 1407 idem
2537 1338 2776 1410 Archi-

378 1443 722 1531 episcopus
769 1441 1242 1507 removendum
1285 1462 1428 1507 esse
1475 1440 1757 1507 duxerit.

535 1560 836 1647 Magistri
893 1581 1118 1625 omnes
1130 1609 1151 1642 ‚
1213 1559 1324 1645 qui
1383 1559 1455 1625 in
1514 1560 1835 1645 ejusmodi
1882 1560 2241 1648 gymnasiis
2292 1569 2358 1626 et
2396 1560 2616 1647 lyceis
2669 1558 2777 1623 do-

376 1660 566 1728 cendi
611 1684 841 1725 munus
887 1667 1233 1744 exercent,
1299 1681 1386 1725 ex
1446 1659 1775 1726 catholicis
1816 1660 1975 1727 viris
2021 1672 2210 1728 erunt
2251 1660 2620 1749 deligendi.
2710 1656 2781 1725 Si

379 1784 538 1827 vero
583 1760 1136 1850 Archiepiscopus
1183 1759 1431 1846 aliquid
1477 1760 1562 1825 de
1605 1760 1969 1849 MagistriS,
2010 1760 2283 1849 aliisque
2326 1763 2565 1849 cuique
2614 1763 2779 1831 Con-

375 1861 574 1927 victui
620 1859 916 1945 addictis,
957 1860 1065 1926 vel
1112 1859 1196 1926 de
1241 1859 1607 1926 studiorum
1646 1861 1917 1945 ratione,
1964 1862 2077 1929 vel
2119 1864 2204 1929 de
2250 1864 2599 1953 disciplina
2646 1863 2773 1931 ani-

374 1960 914 2028 madvertendum
975 1970 1086 2026 aut
1125 1962 1745 2050 reprehendendum
1789 1985 1933 2029 esse
1977 1964 2260 2048 duxerit,
2307 1973 2461 2031 tunc
2508 1966 2773 2035 Guber-

375 2063 558 2129 nium
613 2084 690 2128 eo
758 2083 884 2148 quo
927 2063 1216 2151 potuerit
1249 2063 1445 2128 modo
1490 2064 1771 2148 curabit,
1826 2071 1901 2129 ut
1942 2063 2442 2157 Archiepiscopi
2480 2066 2770 2137 animad-

382 2162 788 2231 versionibus
835 2173 900 2229 et
946 2162 1288 2229 desideriis
1327 2164 1615 2230 satisfiat.

544 2280 856 2347 Liberum
910 2302 1107 2369 porro
1174 2279 1298 2346 erit
1339 2280 1859 2370 Archiepiscopo
1914 2281 2215 2347 ordinare
2252 2292 2325 2351 et
2370 2292 2665 2350 statuere
2706 2305 2777 2349 ea

383 2384 617 2468 omnia,
658 2404 822 2469 quae
867 2382 952 2447 ad
986 2380 1364 2469 religiosam
1399 2383 1808 2449 alumnorum
1838 2383 2290 2451 educationem
2318 2392 2387 2449 et
2412 2383 2777 2451 instructio-

383 2506 536 2551 nem
580 2484 649 2551 in
698 2482 1017 2552 convictu
1057 2492 1369 2571 spectant,
1418 2492 1487 2547 et
1525 2483 1907 2571 advigilare,
1957 2507 2041 2551 ne
2082 2485 2152 2551 in
2198 2483 2421 2570 quavis
2464 2484 2781 2556 tradenda

386 2584 724 2673 disciplina
781 2583 1111 2673 quidpiam
1171 2584 1368 2667 adsit,
1437 2584 1613 2670 quod
1658 2585 2011 2651 catholicae
2048 2584 2357 2673 religioni
2396 2604 2779 2669 morumque

383 2684 706 2749 honestati
749 2684 1148 2751 adversetur.
1190 2684 1477 2752 Proinde
1512 2684 1781 2751 eosdem
1813 2684 2162 2753 Convictus
2189 2685 2471 2770 visitare,
2510 2686 2603 2753 ad
2634 2708 2775 2751 exa-

386 2784 560 2849 mina
601 2784 969 2873 Deputatos
1001 2784 1299 2870 mittere,
1358 2792 1553 2871 atque
1592 2807 1633 2849 a
1672 2784 2135 2876 Superioribus
2180 2786 2545 2875 periodicas
2585 2786 2773 2853 ratio-

385 2906 504 2951 nes
545 2883 817 2970 exigere
857 2884 1118 2972 poterit.

551 3001 672 3067 XI.
753 3000 1052 3070 Facultas
1095 3002 1468 3089 theologica
1496 3002 1813 3069 catholica
1838 3003 2293 3071 Universitatis
2320 3002 2777 3091 Friburgensis

390 3103 604 3188 quoad
663 3124 898 3172 munus
947 3102 1228 3173 docendi
1269 3102 1775 3170 ecclesiasticum
1822 3104 2324 3195 Archiepiscopi
2366 3104 2681 3193 regimini
2722 3112 2781 3169 et

385 3202 772 3292 inspectioni
807 3204 1077 3271 suberit.
1121 3204 1372 3271 Poterit
1409 3204 1655 3271 idcirco
1698 3205 2253 3294 Archiepiscopus
2293 3206 2777 3273 Professor-ibus

389 3310 454 3367 et
494 3302 824 3389 Magistris
883 3303 1166 3371 docendi
1221 3304 1668 3371 auctoritatem
1732 3314 1799 3371 et
1860 3305 2235 3373 missionem
2276 3306 2567 3373 tribuere
2612 3330 2775 3373 eam-

387 3403 670 3489 demque
726 3424 1072 3489 revocare,
1137 3404 1394 3490 quando
1449 3403 1523 3471 id
1574 3414 2010 3495 opportunum
2074 3407 2435 3491 censuerit,
2496 3408 2577 3472 ab
2622 3404 2775 3493 ipsis

389 3503 546 3572 fidei
601 3504 1074 3594 professionem
1117 3506 1390 3593 exigere
1435 3528 1795 3593 eorumque
1842 3507 2079 3594 scripta
2124 3516 2191 3572 et
2230 3506 2621 3595 compendia
2666 3527 2777 3573 suo

393 3606 674 3673 examini
717 3606 1057 3691 subjicere.

556 3722 713 3789 XII.
797 3722 986 3789 Bona
1027 3725 1428 3811 temporalia,
1473 3746 1642 3811 quae
1677 3723 1972 3791 Ecclesia
2012 3725 2278 3813 propria
2315 3723 2629 3815 possidet,
2676 3722 2777 3788 vel

390 3824 459 3889 in
505 3833 837 3912 posterum
877 3824 1166 3909 acquiret
1206 3846 1466 3915 semper
1510 3835 1578 3891 et
1618 3825 1875 3912 integre
1917 3827 2505 3892 conservabunturt
2567 3824 2773 3890 oneri-

393 3924 515 3988 bus
561 3944 722 3988 vero
766 3920 1042 4011 publicis
1089 3934 1155 3989 et
1195 3926 1625 4012 vectigalibus
1670 3945 1793 3991 nec
1834 3948 1966 3992 non
2004 3926 2261 4013 legibus
2304 3923 2532 4012 Magni
2571 3924 2777 3991 Duca-

392 4032 492 4088 tus
537 4024 956 4110 generalibus
995 4046 1202 4111 aeque
1243 4048 1318 4092 ac
1359 4036 1651 4093 caeterae
1696 4028 2127 4117 proprietates
2172 4028 2505 4092 suberunt.

557 4140 742 4207 Bona
803 4141 1231 4208 ecclesiastica
1287 4142 1551 4208 nomine
1592 4142 1925 4209 Ecclesiae
1978 4142 2095 4209 sub
2142 4142 2647 4231 Archiepiscopi
2690 4142 2775 4207 in·

395 4240 724 4331 spectione
770 4244 848 4309 ab
891 4243 972 4309 iis
1017 4253 1207 4310 erunt
1247 4243 1787 4328 administranda,
1838 4241 2069 4330 quibus
2092 4242 2274 4324 ⁴haec
2314 4242 2776 4309 administratio

389 4352 500 4408 aut
539 4364 626 4407 ex
669 4343 1008 4408 Canonum
1049 4344 1470 4433 dispositione
1513 4352 1623 4409 aut
1668 4367 1755 4411 ex
1794 4344 2262 4410 consuetudine
2307 4352 2416 4408 aut
2458 4364 2546 4410 ex
2588 4344 2776 4433 privi-

386 4440 566 4525 legio
609 4451 718 4504 aut
741 4463 828 4505 ex
847 4442 1224 4510 fundatione
1249 4444 1595 4535 competit3
1647 4466 1869 4512 omnes
1899 4466 2057 4511 vero
2091 4443 2642 4511 administratores
2687 4466 2775 4511 ra-
