2959 4984
428 290 726 343 xxxvlu.
802 289 1049 342 BULLA
1090 290 1229 341 PRO
1270 290 1517 343 REGNO
1557 288 1965 345 BORUSSICO
2002 292 2065 343 A.
2103 290 2260 347 1821.
2455 292 2562 348 243

146 472 433 537 cumque
477 451 1066 516 emolumentorum
1108 451 1451 516 exactione
1476 501 1496 533 ,
1560 474 1634 516 ac
1677 452 1994 520 divisione
2019 506 2039 539 ,
2103 467 2170 522 et
2205 482 2562 547 poenarum

140 552 691 617 incurrendamm
758 576 797 616 a
853 574 986 616 non
1052 552 1590 616 interessentibus
1653 552 1910 619 Divinis
1971 556 2226 625 Officiis
2285 562 2562 648 incursu,

144 651 561 737 singulorum
603 652 1017 740 praesentiis,
1082 661 1149 717 et
1210 654 1363 717 absc
1378 652 1528 717 ntiis
1574 654 1874 719 notandis
1890 704 1910 737 ,
1980 662 2398 727 caeremoniis
2414 713 2433 746 ,
2493 688 2595 749 ac,

140 752 380 818 ritibus
423 751 776 833 servandiS,
818 760 883 816 et
922 752 1252 837 quibusvis
1298 752 1439 817 aliis
1482 755 1680 817 rebus
1737 753 1904 819 circa
1939 759 2297 843 praemissa
2338 784 2562 829 neces-

142 851 369 933 sariis,
428 861 495 915 et
536 852 917 940 opportunis
962 873 1403 937 quaecumque
1453 850 1738 935 Statuta,
1823 853 2320 943 OrdinationeS,
2377 860 2566 951 Capi—

144 951 303 1034 tula,
354 961 421 1015 et
459 952 777 1031 Decreta,
821 951 995 1017 licita
1038 962 1297 1034 tamen,
1343 961 1538 1036 atque
1580 953 1881 1035 honesta,
1927 965 1991 1019 et
2032 954 2249 1023 Sacris
2293 960 2568 1028 Canoni-

146 1055 301 1135 buS,
356 1051 943 1117 Constitutionibus
990 1051 1423 1139 Apostolicis,
1493 1052 1930 1139 Decretisque
1977 1055 2254 1123 Concilii
2295 1062 2570 1129 Triden-

145 1154 267 1217 tini
309 1154 574 1217 minime
617 1152 1023 1217 adversantia
1070 1155 1187 1217 sub
1232 1152 1707 1239 praesidentia,
1747 1154 2173 1243 inspectione,
2221 1168 2286 1223 et
2329 1184 2560 1249 appro-

154 1254 417 1319 batione
460 1253 971 1340 respectivorum
1000 1252 1688 1340 Archiepiscoporum,
1735 1265 1801 1319 et
1825 1256 2298 1346 Episcoporum
2343 1261 2566 1346 edere,

149 1364 353 1439 atque
404 1353 584 1417 edita
632 1354 963 1419 declarare
988 1403 1007 1435 ,
1072 1362 1137 1417 et
1174 1354 1626 1441 interpretari,
1688 1378 1764 1419 ac
1809 1355 1877 1420 in
1919 1358 2253 1425 meliorem
2297 1363 2570 1429 formam

146 1454 486 1540 redigere,
530 1464 599 1519 et
640 1455 1031 1536 reformare,
1078 1476 1193 1518 seu
1239 1453 1365 1519 alia
1408 1454 1492 1518 de
1534 1477 1738 1537 nov0,
1786 1457 1864 1520 ab
1914 1457 2044 1521 illis
2093 1460 2174 1523 ad
2219 1483 2379 1545 quos
2425 1486 2568 1551 spe—

150 1563 287 1619 ctat
308 1604 331 1637 ,
410 1563 478 1618 ct
541 1577 661 1642 pro
720 1564 1017 1641 tempore
1064 1554 1382 1641 spectabit
1426 1555 1890 1621 inviolabiliter
1937 1560 2340 1625 observanda
2366 1613 2386 1646 ,
2451 1567 2572 1630 sub

150 1655 388 1743 poenis
431 1655 499 1719 in
546 1654 1075 1720 contrafacientes
1108 1655 1461 1720 statuendis
1505 1656 1751 1743 pariter
1781 1657 2084 1741 condere,
2133 1670 2325 1746 atque
2369 1664 2566 1729 edere

150 1756 391 1839 libere,
442 1779 517 1819 ac
552 1756 726 1820 licite
766 1756 1041 1837 valeant,
1084 1754 1455 1821 facultatem
1506 1766 1826 1844 perpetuo
1873 1758 2305 1845 concedimuS,
2353 1770 2420 1827 et
2449 1762 2566 1827 im-

148 1858 496 1945 pertimur.
888 1910 895 1914 .

328 1956 573 2041 (ΧΙΧ.)
655 1955 1065 2042 Dignitatum
1117 1954 1610 2037 Canonicorum,
1655 1964 1721 2019 et
1734 1955 2163 2043 Vicariorum,
2209 1983 2324 2027 seu
2366 1963 2560 2029 Prae-

156 2060 594 2124 bendatorum
636 2076 907 2121 numero
950 2065 1079 2119 tam
1126 2057 1193 2120 in
1235 2055 1786 2143 MetropolitaniS,
1833 2078 2022 2141 quam
2067 2061 2136 2125 in
2167 2060 2568 2129 Cathedrali-

153 2162 279 2225 bus
310 2157 653 2247 Capitulis,
693 2167 767 2221 ut
810 2179 1005 2243 supra
1048 2156 1410 2243 praefinitO,
1442 2155 1522 2219 ad
1571 2178 1646 2220 ea
1687 2164 1820 2221 tam
1861 2181 1981 2244 pro
2019 2160 2141 2224 hac
2167 2163 2376 2248 prima
2410 2164 2571 2248 vice,
2633 2228 2638 2237 ,

154 2283 364 2344 quam
411 2282 533 2345 pro
574 2257 811 2321 futuris
852 2257 1249 2343 temporibus
1316 2257 1769 2343 componenda
1816 2259 2154 2324 statuimus
2167 2310 2187 2342 ,
2255 2271 2328 2325 ut
2371 2263 2576 2350 impo-

154 2370 412 2425 sterum
458 2358 729 2445 quilibet
778 2358 859 2422 ad
901 2357 1277 2443 Dignitates
1302 2403 1321 2437 ‚
1398 2365 1464 2421 et
1509 2355 1938 2421 Canonicatus
1995 2361 2438 2445 assequendos
2478 2364 2574 2428 in-

148 2460 521 2547 frascriptis
568 2467 826 2524 ornatus
878 2480 1025 2523 esse
1074 2456 1313 2521 debeat
1356 2455 1705 2541 requisitis,
1749 2478 2030 2544 nempe,
2077 2458 2252 2543 quod
2298 2462 2576 2527 maiores

151 2584 377 2627 sacros
442 2560 703 2625 ordines
763 2558 1156 2647 susceperit,
1222 2558 1582 2641 utilemque
1630 2556 1962 2623 Ecclesiae
2027 2582 2290 2646 operam
2337 2562 2566 2627 saltem

151 2684 281 2751 per
328 2660 841 2745 quinquennium
884 2659 1233 2741 navaverit,
1278 2658 1385 2721 vel
1432 2657 1500 2723 in
1545 2658 1934 2723 Animarum
1969 2657 2144 2724 Cura
2187 2661 2572 2746 exercenda,

154 2772 273 2827 aut
315 2760 677 2827 adiuvanda
734 2783 879 2826 sese
918 2759 1349 2849 praestiterit,
1412 2759 1525 2823 vel
1562 2759 1966 2845 Theologiae
1992 2809 2012 2843 ,
2073 2769 2184 2825 aut
2224 2759 2576 2827 Sacrorum

157 2862 506 2930 Canonum
547 2862 888 2926 Professor
934 2860 1271 2942 existerit,
1315 2858 1425 2923 vel
1468 2860 1794 2944 alicuique
1833 2860 1902 2925 in
1943 2860 2175 2946 Regno
2221 2861 2570 2927 Borussico

157 2962 471 3028 existenti
529 2961 855 3049 Episcopo
916 2960 1361 3026 Dioecesanae
1425 2959 1994 3025 administrationis
2057 2984 2326 3027 munere
2369 2962 2572 3025 inser-

160 3063 399 3144 vierit,
462 3061 568 3125 vel
628 3061 887 3125 demum
942 3060 1012 3124 in
1060 3082 1237 3123 sacra
1284 3059 1650 3144 Theologia
1667 3108 1687 3141 ,
1755 3068 1866 3124 aut
1921 3060 1990 3125 in
2047 3060 2200 3125 Iure
2249 3059 2576 3127 Canonico

160 3164 560 3228 Doctoratus
604 3160 921 3225 Lauream
976 3160 1101 3223 rite
1159 3158 1362 3222 fuerit
1408 3168 1878 3242 consequutus;
1944 3167 2312 3247 postremae
2369 3169 2585 3227 tamen

162 3262 439 3326 huiusce
482 3258 867 3324 conditionis
910 3258 1145 3322 effectu
1192 3277 1275 3321 ex
1318 3257 1525 3338 iustiS,
1569 3254 2011 3343 gravibusque
2053 3259 2258 3323 causis
2301 3262 2578 3348 perDe-

162 3361 469 3425 cennium
514 3384 551 3423 a
577 3360 745 3423 Data
788 3357 1228 3447 praesentium
1270 3357 1778 3444 computandum
1821 3356 1888 3421 in
1938 3380 2323 3445 suspensum
2369 3382 2575 3426 rema-

161 3468 385 3524 nente.
429 3457 911 3543 Cuiuscumque
954 3480 1107 3521 vero
1154 3455 1540 3522 conditionis
1589 3457 2062 3524 ecclesiasticos
2085 3460 2282 3525 Viros
2327 3460 2580 3545 aequali

166 3560 315 3623 iure
358 3558 443 3622 ad
482 3558 857 3643 Dignitates
876 3609 897 3641 ,
958 3566 1023 3622 et
1069 3556 1496 3624 Canonicatus
1557 3556 1943 3623 obtinendos
1997 3558 2288 3645 gaudere
2333 3559 2574 3623 debere

164 3658 603 3723 decernimus·
658 3658 955 3743 Itemque
1000 3658 1337 3723 statuimus
1381 3680 1575 3721 unam
1621 3658 1690 3722 in
1731 3658 2226 3723 Monasteriensi
2243 3706 2262 3741 ,
2307 3682 2381 3723 ac
2423 3659 2605 3736 alter

169 3782 313 3824 ram
358 3759 431 3823 in
476 3758 997 3824 Wratislaviensi
1020 3758 1521 3825 Cathedralibus
1565 3758 1876 3825 Ecclesiis
1900 3757 2354 3825 Canonicalem
2385 3758 2582 3822 Prae-

114 3866 121 3871 ’
168 3861 459 3927 bendam
506 3859 1012 3945 designandam,
1080 3868 1146 3925 et
1187 3862 1265 3925 ab
1312 3880 1390 3925 eo
1436 3859 1518 3924 ad
1571 3880 1766 3945 quem
1807 3860 1988 3924 iuxta
2029 3858 2346 3925 mensium
2391 3858 2582 3922 alter-

171 3962 456 4027 nativam
496 3960 865 4047 pertinebit,
918 3981 1202 4047 semper,
1250 3968 1315 4023 et
1363 3959 1898 4044 quandocumque
1935 3958 2392 4024 conferendam
2441 3980 2582 4022 esse

168 4062 301 4147 uni,
352 4069 423 4125 et
460 4061 649 4125 alteri
686 4062 993 4127 canonica
1030 4062 1341 4147 requisita
1364 4061 1752 4125 habentibus
1787 4082 1872 4124 ex
1905 4060 2385 4125 professoribus
2421 4058 2580 4125 Uni-

170 4164 556 4229 versitatum
614 4163 683 4227 in
754 4162 940 4227 dictis
987 4163 1371 4251 respectivis
1421 4158 1808 4227 Civitatibus
1869 4159 2328 4242 existentium3
2395 4168 2586 4243 atque

170 4266 447 4331 ulterius
488 4264 917 4346 decernimuS,
960 4273 1088 4327 tam
1130 4264 1583 4353 Praepositum
1627 4261 2026 4327 Parochialis
2057 4258 2387 4325 Ecclesiae
2423 4256 2587 4325 San-

170 4380 311 4436 ctae
356 4364 709 4452 Hedwigis
756 4364 1047 4431 Civitatis
1095 4364 1538 4430 Berolinensis
1556 4413 1575 4446 ,
1622 4384 1814 4447 quam
1838 4361 2176 4426 Decanum
2225 4360 2589 4425 commissa-

168 4471 342 4536 rium
390 4466 918 4533 Ecclcsiasticum
988 4466 1059 4531 in
1106 4466 1407 4531 comitatu
1454 4462 1762 4531 Glacensi
1805 4485 1926 4550 pro
1973 4472 2268 4549 tempore
2309 4461 2591 4525 existen-
