2959 4984
495 256 565 309 62
1041 260 1154 311 vn.
1233 260 1544 312 CAPITUL
1554 262 1687 313 ΑΒΕ
1728 263 2348 318 EOCLESIASTIGUM

493 422 836 509 pecuniam
879 422 1163 511 accipiat.
1211 420 1286 490 Si
1331 424 1619 512 speciem
1658 425 1866 509 aliam,
1912 427 2187 492 eandem
2230 428 2515 515 speciem
2556 450 2752 515 quam
2790 433 2877 497 de-

497 522 668 587 derit
708 522 996 610 accipiet.

765 641 930 695 Conc.
971 640 1154 695 Carth.
1193 659 1310 695 can.
1351 644 1435 697 16.
1503 643 1647 697 Item
1686 644 1899 713 placuit
1934 650 1998 698 ut
2036 644 2304 714 ClericuS,
2372 648 2421 701 si
2458 650 2872 704 commodaverit

686 728 996 796 pecuniam,
1037 728 1330 797 pecuniam
1365 731 1639 801 accipiat3
1695 733 1741 785 si
1782 733 2026 801 speciem
2046 775 2059 801 ,
2110 735 2345 789 eandem
2382 738 2633 805 speciem
2654 780 2668 807 ,
2736 758 2876 807 quan-

687 821 806 870 tam
841 817 1074 884 dederit,
1113 818 1369 887 accipiat.
1407 820 1485 873 Et
1516 824 1581 873 ut
1619 826 1747 875 ante
1784 823 1986 892 viginti
2019 824 2261 893 quinque
2296 843 2471 879 annos
2508 827 2718 881 aetatis
2744 867 2757 893 ,
2790 843 2875 879 nec

688 904 923 960 Diaconi
964 906 1308 975 ordinentur,
1345 924 1450 961 nec
1485 908 1729 979 virgines
1766 916 2193 967 consecrentur:
2248 918 2306 967 et
2339 918 2405 966 ut
2438 914 2685 968 lectores
2719 931 2870 983 popu-

691 992 808 1045 lum
844 1009 957 1047 non
999 994 1258 1051 salutent.

1495 1141 1911 1199 OMNIBUS.

655 1258 798 1325 XL.
881 1260 964 1327 In
1023 1264 1294 1329 concilio
1339 1265 1649 1331 Africano
1704 1267 2097 1355 praecipitur
2140 1276 2211 1333 ut
2258 1267 2549 1353 virgines
2590 1266 2745 1333 Deo
2788 1290 2866 1329 sa-

483 1368 704 1424 cratae
753 1384 790 1423 a
835 1361 1239 1446 gravioribus
1284 1366 1927 1453 personis-diligenti
1970 1367 2261 1433 custodia
2306 1376 2673 1432 serventur.

763 1478 926 1534 Cone.
965 1478 1135 1534 Afric.
1173 1500 1294 1535 can.
1336 1485 1419 1538 11.
1456 1483 1534 1538 Ut
1567 1484 1811 1554 virgines
1848 1502 2037 1539 sacrae
2058 1526 2071 1552 ,
2120 1502 2247 1539 cum
2281 1486 2608 1554 parentibus
2626 1525 2643 1553 ,
2704 1502 2739 1537 a
2772 1484 2870 1552 qui-

687 1566 791 1619 bus
829 1568 1298 1637 custodiebantur,
1332 1572 1583 1639 privatae
1619 1572 1840 1639 fuerint,
1878 1574 1947 1627 ab
1988 1572 2266 1643 Episcopo
2313 1572 2725 1627 custodiantur.
2780 1570 2869 1625 Ubi

691 1660 876 1709 autem
909 1655 1223 1728 Episcopus
1259 1658 1456 1712 absens
1496 1662 1611 1727 est,
1663 1660 2048 1729 providentiae
2098 1660 2447 1729 gravioribus
2483 1660 2710 1713 feminis
2744 1675 2870 1712 com-

689 1749 1020 1803 mendentur
1034 1793 1048 1815 ,
1104 1755 1169 1803 ut
1215 1750 1377 1804 simul
1409 1750 1729 1805 habitantes
1778 1752 2017 1805 invicem
2074 1768 2130 1805 se
2168 1750 2527 1818 custodiant3
2576 1766 2652 1803 ne
2686 1748 2870 1819 passim

689 1837 962 1908 vagandO,
997 1836 1285 1894 Ecclesiae
1324 1839 1550 1893 laedant
1584 1839 2078 1894 existimationem.

1442 1994 1927 2051 EPISOOPIS.

653 2112 830 2179 XLI.
918 2112 1084 2179 Item
1128 2114 1194 2179 in
1240 2114 1506 2198 eodem,
1554 2139 1686 2180 non
1730 2116 1922 2179 liceat
1963 2115 2269 2203 episcopo
2312 2113 2742 2201 principalem
2783 2137 2864 2177 ca-

489 2213 785 2280 thedram
831 2238 983 2281 suae
1023 2216 1401 2305 parrochiae
1447 2216 1831 2303 negligere,
1878 2226 1943 2281 et
1988 2216 2071 2281 ad
2115 2216 2393 2299 aliquam
2436 2213 2777 2289 ecclesiam
2811 2213 2867 2277 in
2904 2262 2913 2284 ι

489 2338 603 2379 sua
647 2315 946 2383 dioecese
989 2317 1196 2403 magis
1240 2317 1677 2403 frequentare.

755 2436 919 2493 Cone.
959 2434 1132 2490 Afric.
1168 2452 1288 2488 can.
1321 2436 1409 2489 38.
1465 2434 1708 2489 Rursum
1740 2433 1955 2503 placuit
2008 2438 2073 2487 ut
2111 2434 2320 2487 nemini
2369 2434 2444 2487 sit
2478 2434 2749 2500 facultas,
2796 2450 2865 2501 re·

679 2522 814 2576 licta
851 2522 1146 2592 principali
1183 2521 1480 2587 cathedra,
1520 2520 1592 2573 ad
1626 2521 1865 2589 aliquam
1898 2520 2207 2574 Ecclesiam
2242 2520 2301 2573 in
2334 2519 2580 2573 dioecesi
2616 2521 2865 2574 constitu·

681 2614 798 2662 tam
837 2626 896 2663 se
933 2609 1212 2675 conferre,
1273 2608 1362 2661 vel
1393 2606 1453 2661 in
1492 2624 1553 2660 re
1590 2609 1819 2677 propria
1870 2608 2079 2661 diutius
2135 2620 2298 2676 quam
2346 2610 2575 2676 oportet
2615 2606 2865 2660 constitu-

683 2701 822 2763 tum,
859 2713 1050 2749 curam
1083 2695 1174 2748 vel
1212 2695 1716 2762 frequentationem
1751 2680 2009 2764 propriae
2046 2693 2342 2749 cathedrae
2378 2694 2682 2763 negligere.

1446 2853 1925 2909 EPISCOPIS.

650 2974 860 3039 XLII.
947 2974 1115 3039 Item
1169 2973 1239 3038 in
1297 2973 1563 3056 eodem,
1627 2983 1701 3038 ut
1755 2974 1914 3038 falsa
1968 2973 2229 3037 nomina
2268 2980 2628 3057 martyrum
2673 2980 2737 3034 et
2779 2972 2862 3033 in·

485 3082 699 3137 certae
743 3084 1105 3139 sanctorum
1151 3074 1500 3138 memoriae
1546 3096 1678 3137 non
1717 3082 2131 3137 venerentur.

752 3192 913 3246 Conc.
940 3192 1113 3246 Afric.
1137 3208 1255 3245 can.
1276 3193 1364 3246 50.
1399 3191 1543 3245 Item
1578 3191 1787 3259 placuit
1818 3194 1883 3243 ut
1918 3190 2119 3243 altaria
2154 3206 2292 3259 quae
2328 3190 2536 3259 passim
2570 3206 2672 3259 per
2704 3204 2857 3257 agros

678 3280 736 3331 et
774 3296 876 3347 per
911 3279 1030 3332 vias
1063 3283 1345 3347 tamquam
1379 3278 1682 3331 memoriae
1717 3278 2027 3345 Martyrum
2074 3278 2518 3344 constituuntur,
2578 3278 2639 3330 in
2672 3277 2860 3344 quibus

681 3366 888 3419 nullum
925 3384 1126 3435 corpus
1163 3370 1258 3419 aut
1291 3366 1563 3435 reliquiae
1598 3365 1909 3433 Martyrum
1946 3365 2204 3419 conditae
2240 3365 2581 3434 probantur,
2640 3366 2706 3417 ab
2742 3363 2864 3432 Epi-

681 3455 860 3524 scopis
899 3455 994 3524 qui
1028 3456 1168 3511 locis
1205 3456 1412 3511 eisdem
1444 3460 1737 3525 praesunt,
1793 3456 1840 3508 si
1873 3454 1997 3507 fieri
2029 3458 2234 3523 potest,
2272 3458 2614 3507 evertantur.
2688 3450 2743 3504 Si
2780 3466 2864 3502 au-

679 3550 794 3598 tem
834 3546 939 3600 hoc
975 3563 1076 3615 per
1111 3548 1384 3600 tumultus
1417 3549 1713 3616 populares
1763 3566 1877 3601 non
1916 3546 2115 3599 sinitur
2140 3588 2153 3615 ,
2216 3547 2408 3615 plebes
2466 3550 2655 3598 tamen
2688 3542 2865 3595 admo·

681 3637 920 3686 neantur
958 3652 1030 3687 ne
1062 3634 1160 3686 illa
1197 3635 1321 3688 loca
1351 3635 1740 3704 frequentent;
1774 3640 1839 3687 ut
1874 3634 1971 3702 qui
2008 3638 2161 3688 recte
2202 3633 2443 3701 sapiunt,
2482 3632 2637 3685 nulla
2671 3630 2746 3683 ibi
2782 3644 2863 3681 su-

687 3720 1018 3788 perstitione
1055 3722 1301 3775 devincti
1334 3726 1645 3777 teneantur.
1705 3723 1783 3776 Et
1819 3720 2041 3775 omnino
2079 3722 2231 3775 nulla
2266 3721 2534 3775 memoria
2569 3718 2862 3786 Martyrum

681 3806 1046 3877 probabiliter
1085 3813 1407 3877 acceptetur
1433 3850 1446 3877 ,
1501 3809 1611 3863 nisi
1658 3810 1755 3863 ubi
1794 3825 1997 3877 corpus
2035 3813 2133 3861 aut
2170 3808 2382 3876 aliquae
2419 3807 2685 3875 reliquiae
2723 3808 2861 3863 sunt,

677 3902 773 3949 aut
809 3896 968 3965 origo
1003 3896 1234 3950 alicuius
1269 3896 1647 3966 habitationiS,
1683 3900 1772 3953 vel
1806 3900 2187 3968 possessionis,
2222 3899 2314 3953 vel
2350 3897 2639 3967 passioniS,
2674 3894 2860 3947 fidelis-

675 3986 812 4038 sima
851 3984 1066 4053 origine
1100 3984 1359 4039 traditur.
1393 3986 1536 4040 Nam
1570 4004 1707 4055 quae
1744 4005 1846 4056 per
1883 3987 2096 4040 somnia
2132 3990 2189 4039 et
2223 4002 2325 4054 per
2363 3986 2555 4037 inanes
2595 3981 2745 4052 quasi
2778 3998 2858 4032 re·

674 4072 976 4126 velationes
1041 4074 1412 4140 quorumlibet
1458 4074 1744 4128 hominum
1790 4075 2104 4142 ubicunque
2172 4073 2593 4127 constituuntur
2656 4067 2859 4131 altaria,

677 4160 991 4213 omnimodo
1028 4160 1417 4227 reprobentur.

1471 4298 1879 4356 OMNIBUS.

641 4416 888 4483 XLIII.
971 4418 1140 4483 Item
1187 4418 1256 4482 in
1299 4418 1565 4501 eodem,
1612 4429 1685 4483 ut
1728 4442 1851 4484 nec
1891 4442 2060 4484 uxor
2105 4444 2142 4483 a
2182 4420 2322 4482 viro
2368 4416 2627 4483 dimissa
2668 4414 2851 4479 alium
