2959 4984
2576 0 2653 39 *rs

432 281 543 338 694
612 281 805 334 xcm.
878 276 1309 334 msraucrlo
1346 279 1602 342 Quom>
1642 281 2104 336 mummolus
2139 284 2370 336 mTA
2410 287 2476 338 A.
2513 283 2674 342 1880.

430 449 741 538 episcopo
784 444 1183 530 Coloniensi,
1227 457 1297 511 et
1334 443 1680 534 Episcopis
1715 445 2094 517 Trevirensi
2112 497 2133 532 ,
2189 449 2722 522 Paderbornensi
2757 463 2821 520 et

426 545 925 616 Monasteriensi
966 567 1087 634 per
1126 545 1293 611 hanc
1350 546 1844 612 instructionem
1887 547 2293 636 significatur
2311 601 2332 635 ,
2403 551 2824 630 Sanctisstem

428 649 633 718 Suam
676 666 924 734 augere
962 646 1113 712 illos
1152 646 1532 712 auctoritate
1577 647 1950 714 necessaria
1985 659 2054 714 et
2093 661 2462 738 opportuna
2475 701 2498 735 ,
2535 654 2726 720 cuins
2765 656 2828 719 ri

424 746 867 836 unusquisque
910 745 1177 814 illorum
1218 755 1544 830 tamquam
1587 746 1930 832 delegatus
1971 749 2400 836 Apo-tonsae
2439 749 2634 820 Sedis
2675 778 2822 843 pos-

424 849 511 916 sit
548 848 619 914 in
670 869 785 912 sua
824 845 1111 912 dioecesi
1156 845 1540 912 confirmare
1583 855 1780 932 atque
1811 847 2010 914 etiam
2045 849 2118 914 in
2161 850 2388 916 radice
2407 875 2636 920 sanare
2659 879 2827 943 nup-

424 949 545 1016 tias
586 967 793 1031 usque
836 946 921 1010 ad
962 945 1139 1012 diem
1178 945 1576 1034 receptionis
1620 948 1981 1034 praesentis
2021 948 2474 1016 instrucfionis
2503 952 2693 1019 initas
2727 955 2821 1020 in-

423 1060 527 1116 ter
566 1069 763 1114 unam
804 1055 1061 1134 partem
1104 1046 1508 1127 catholicam,
1553 1056 1620 1112 et
1665 1047 1938 1112 alteram
1981 1049 2436 1134 acatholicum,
2479 1073 2644 1138 qnae
2687 1055 2825 1124 irri-

420 1159 526 1216 tae
578 1146 821 1212 idcirco
886 1145 1050 1228 sint,
1119 1145 1295 1234 quod
1336 1148 1407 1212 in
1448 1144 1544 1212 eis
1603 1147 2062 1214 contrahendis
2123 1159 2380 1214 servata
2429 1171 2570 1220 non
2625 1155 2830 1220 fuerit

420 1248 627 1316 forma
664 1271 707 1312 a
744 1244 1133 1312 Tridentino
1178 1245 1477 1314 Concilio
1521 1247 1946 1334 praescripta.
1997 1246 2088 1314 Et
2125 1249 2440 1333 quoniam
2475 1256 2828 1320 nonnullae

422 1368 510 1415 ex
548 1347 771 1413 mixtis
811 1346 1057 1434 nuptiis
1093 1347 1429 1432 hucusque
1489 1349 1830 1416 contractis
1891 1349 2112 1414 irritae
2163 1350 2322 1416 item
2361 1363 2520 1418 sunt
2559 1363 2830 1440 prepter

420 1449 567 1532 dia,
609 1468 775 1533 qnae
818 1445 1053 1512 iisdem
1096 1447 1457 1532 obstabant,
1501 1448 1812 1514 canonica
1853 1448 2340 1536 impedimenta,
2381 1453 2534 1518 ideo
2565 1450 2818 1520 SSmus

426 1549 513 1614 D.
567 1547 653 1616 N.
696 1547 957 1636 plenam
1012 1546 1169 1634 ipsis
1236 1556 1512 1631 quatuor
1551 1546 1900 1636 Episcopis
1955 1548 2140 1614 addit
2187 1561 2630 1638 potestatem-5
2703 1578 2820 1642 qua

426 1669 651 1714 eorum
690 1645 967 1731 quisque
1016 1654 1349 1730 tamquam
1388 1645 1588 1714 Sedis
1629 1647 2050 1734 Apostolicae
2093 1649 2444 1737 delegatus
2495 1655 2582 1719 ab
2621 1655 2820 1742 impe·

430 1747 737 1814 dimentis
780 1744 913 1812 illis
963 1745 1033 1810 in
1076 1768 1191 1812 sua
1230 1746 1516 1812 dioecesi
1554 1747 1770 1812 valeat
1809 1748 2210 1836 dispensare,
2253 1751 2612 1818 dummodo
2657 1754 2824 1820 scili—

424 1855 533 1914 cet
582 1845 666 1912 de
708 1846 791 1912 iis
840 1855 1075 1932 agatur
1112 1845 1640 1934 impedimentis,
1701 1871 1740 1912 a
1783 1849 2016 1936 quibus
2058 1849 2446 1939 Apostolica
2481 1849 2700 1919 Sedes
2743 1855 2824 1918 ob

420 1968 657 2036 graves
714 1967 941 2012 causas
994 1945 1375 2034 dispensare
1426 1947 1560 2014 iam
1609 1948 1782 2014 solet
1800 1999 1819 2032 ,
1873 1958 1944 2014 et
2001 1949 2354 2016 dnmmodo
2419 1951 2820 2040 dispensatio

420 2049 563 2138 ipsa
600 2046 927 2137 pertineat
968 2045 1054 2111 ad
1092 2046 1381 2112 sananda
1422 2047 1726 2134 coniugia
1761 2049 1971 2115 mixta
2009 2049 2256 2116 ibidem
2273 2053 2606 2137 usqne-ad
2639 2076 2822 2141 prae-

420 2169 569 2216 sens
610 2157 867 2235 tempus
904 2153 1251 2212 contracta.
1292 2147 1506 2228 Quam
1551 2147 1814 2232 quidem
1855 2148 2262 2218 auctoritatis
2301 2149 2439 2216 vim
2481 2173 2564 2216 eo
2611 2153 2820 2218 liben-

418 2251 547 2316 tius
592 2245 915 2316 Sanctitas
958 2243 1095 2312 Sua
1138 2245 1387 2311 eisdem
1426 2246 1773 2335 Episcopis
1815 2247 2082 2334 deleget
2108 2297 2130 2333 ,
2183 2250 2359 2337 qnod
2417 2253 2824 2338 praeclaram

420 2349 503 2416 de
542 2347 809 2415 illorum
850 2345 1095 2412 virtute
1154 2344 1532 2434 opinionem
1591 2347 1791 2429 fovet,
1859 2348 2182 2436 planeque
2247 2349 2528 2416 confidit
2556 2399 2579 2433 ,
2641 2351 2820 2438 ipsos

412 2457 733 2538 potestate
772 2457 907 2512 tam
949 2443 1167 2532 ampla
1212 2444 1716 2533 prudentissime
1767 2469 2021 2512 usuros.
2105 2447 2194 2514 Et
2235 2457 2584 2535 praeterea
2627 2447 2818 2518 Sum·

414 2573 561 2616 mus
582 2546 895 2616 Pontifex
934 2544 1227 2612 declarat
1268 2544 1632 2634 Episcopos
1671 2545 1942 2612 eosdem
1983 2547 2098 2612 illa
2141 2547 2320 2612 omni
2358 2557 2680 2635 potestate
2713 2550 2816 2614 uti

407 2669 603 2739 posse
646 2647 845 2712 etiam
885 2667 1006 2733 per
1046 2645 1209 2710 alios
1266 2645 1542 2711 idoneos
1597 2645 2074 2712 ecclesiasticos
2131 2646 2310 2712 viros
2363 2671 2406 2710 a
2445 2669 2520 2714 se
2554 2648 2805 2736 specia-

406 2749 525 2816 tim
568 2743 1113 2832 subdelegandos.
1202 2743 1540 2812 Nonnulla
1581 2753 1800 2812 tamen
1855 2756 2008 2812 sunt
2056 2747 2144 2812 ad
2205 2746 2344 2813 eins
2407 2747 2806 2814 auctoritatis

406 2871 599 2916 usum
640 2845 1001 2935 spectantia
1015 2892 1036 2927 ,
1082 2846 1165 2911 de
1208 2843 1441 2930 quibus
1487 2843 1812 2910 Sanctitas
1855 2845 1996 2913 Sua
2033 2845 2398 2934 Episcopos
2457 2867 2812 2931 eorumque

414 2945 875 3030 subdelegatos
918 2943 1253 3008 admoneri
1296 2942 1648 3010 mandavit.
1721 2943 1944 3010 Primo
1987 2944 2258 3028 scilicet,
2299 2952 2379 3008 ut
2413 2945 2486 3010 in
2527 2946 2806 3033 singulis

406 3045 661 3113 casibus
703 3042 1119 3131 perspiciant,
1158 3067 1243 3108 an
1288 3043 1774 3110 matrimonium
1791 3092 1812 3127 ,
1855 3041 2032 3130 quod
2058 3043 2318 3110 irritum
2359 3053 2522 3128 erat,
2561 3045 2808 3113 instau-

404 3147 535 3214 rari
572 3144 791 3210 valeat
834 3165 1007 3210 nova
1048 3163 1170 3230 per
1208 3152 1552 3228 utramque
1595 3151 1849 3230 partem
1885 3163 2242 3211 consensus
2285 3143 2762 3229 significatione
2793 3170 2812 3227 3

402 3267 483 3311 ea
526 3245 779 3312 scilicet
818 3243 1297 3330 significatione
1307 3275 1347 3328 ,-
1390 3265 1556 3330 quae
1599 3243 1822 3310 debito
1862 3242 2058 3310 modo
2121 3242 2237 3308 fiat
2282 3251 2354 3306 et
2413 3243 2521 3308 cui
2556 3244 2808 3310 cautio-

400 3367 519 3412 nes
560 3343 993 3433 praecedant,
1064 3365 1229 3429 quae
1286 3366 1406 3431 pro
1464 3342 1790 3429 coniugiis
1834 3342 2056 3408 mixtis
2112 3366 2154 3409 a.
2191 3341 2376 3410 Sede
2413 3343 2808 3429 Apostolica

404 3444 585 3530 exigi
630 3451 1130 3510 consueuerant.
1215 3441 1301 3507 Et
1366 3443 1536 3508 hanc
1591 3442 1858 3528 quidem
1919 3463 2278 3508 consensus
2317 3443 2814 3510 renovationem

404 3554 559 3610 tunc
608 3544 735 3631 ipsi
777 3551 1133 3628 procurent
1149 3589 1170 3625 ,
1236 3541 1494 3626 quando
1565 3542 1864 3608 omnibus
1917 3541 2220 3629 specialis
2262 3540 2580 3627 cuiusque
2621 3565 2810 3608 casus

406 3643 731 3711 adiunctis
778 3646 1133 3733 diligenter
1172 3645 1535 3732 perpensis,
1583 3645 1836 3710 nullum
1877 3645 2201 3730 gravioris
2243 3643 2400 3709 mali
2440 3643 2814 3732 pericnlum

408 3745 553 3810 fore
594 3747 975 3813 censuerint
1010 3746 1080 3811 in
1124 3767 1209 3829 eo
1252 3767 1325 3810 re
1366 3745 1758 3834 postulanda
1801 3754 1870 3810 ct
1901 3743 2341 3833 perficienda:
2382 3753 2610 3812 contra
2647 3765 2810 3812 vero

406 3845 461 3912 si
502 3845 728 3931 gravia
770 3869 847 3912 ea
891 3847 1059 3912 mala
1100 3846 1267 3912 iuste
1308 3845 1666 3913 metuenda
1701 3865 1846 3911 esse
1891 3853 2292 3933 cognoscant
2315 3893 2336 3928 ,
2404 3843 2641 3910 licebit
2677 3844 2808 3910 eis-

404 3945 555 4010 dem
596 3946 1077 4013 matrimonium
1120 3965 1351 4012 sanare
1394 3945 1467 4010 in
1495 3945 1748 4012 radice.
1805 3943 2139 4026 Secunde,
2179 3953 2254 4010 ut
2297 3943 2553 4029 quoties
2595 3941 2666 4008 in
2701 3965 2808 4008 ca-

402 4045 579 4112 sibus
619 4045 989 4112 huiusmodi
1030 4044 1510 4112 matrimonium
1557 4053 1788 4112 sanant
1832 4045 1903 4111 in
1945 4044 2168 4110 radice
2188 4093 2209 4127 ,
2275 4043 2638 4111 admonere
2669 4063 2808 4108 om-

403 4145 559 4211 nino
601 4154 953 4212 teneantur
990 4145 1374 4212 catholicam
1430 4153 1686 4232 portem
1739 4146 1823 4210 de
1867 4145 2193 4232 gravitate
2208 4182 2217 4191 ··
2227 4143 2498 4211 sceleris
2517 4143 2620 4210 -ab
2657 4143 2810 4233 ipsa

404 4246 661 4331 patrati,
704 4245 897 4333 eique
938 4246 1179 4311 salutar
1198 4267 1305 4310 em
1346 4268 1469 4334 pro
1508 4245 1744 4310 eodem
1779 4253 2049 4333 peceato
2088 4243 2556 4333 poenitentiam
2593 4244 2806 4333 impo-

402 4363 585 4423 nere,
622 4352 815 4427 atque
848 4344 1145 4432 inprimis
1192 4345 1527 4413 adhortari-
1559 4343 1740 4411 illam
1775 4343 1848 4412 in
1881 4344 2170 4412 Domino
2184 4393 2206 4428 ,
2255 4353 2336 4410 nst
2355 4345 2515 4410 suis
2551 4345 2806 4433 obliga-

402 4437 688 4502 tionibus
726 4441 956 4508 sedulo
992 4441 1367 4528 satisfaciat,
1406 4445 1468 4510 ei
1510 4446 1901 4534 praesertim.
1925 4494 1947 4529 ,
2003 4457 2168 4530 qnae
2205 4443 2598 4512 catholicam
2635 4445 2804 4514 filio·
