2959 4984
476 263 639 316 1011.
710 261 953 314 BREVE
990 263 1241 326 QUOAD
1278 261 1738 314 MATRIMONIA
1775 260 2006 312 Murra
2044 263 2109 314 A.
2150 255 2306 312 1830.
2446 257 2550 314 591

136 432 281 496 lico
324 438 587 518 pastore
633 449 769 495 non
814 437 1181 516 praesente.
1253 428 1343 494 Et
1382 429 1507 492 hac
1549 426 1814 512 quidem
1851 447 2050 513 super
2091 447 2164 490 re
2204 425 2295 491 ita
2331 424 2542 492 Nobis

140 529 519 596 censuimus
564 529 997 613 statuendum,
1035 538 1109 593 ut
1148 537 1522 594 avertantur
1541 579 1561 613 ,
1605 525 1822 612 quoad
1860 523 2007 590 fieri
2043 527 2284 612 poterit
2305 577 2324 610 ,
2367 549 2548 592 scan-

144 633 303 698 dala
321 683 341 717 ,
388 653 553 716 quae
594 651 680 695 ex
720 628 1091 696 huiusmodi
1136 629 1381 717 nuptlis
1423 627 1587 694 oriri
1627 624 2069 692 denunciastis
2082 675 2103 709 ,
2145 625 2434 714 itemque
2479 634 2554 692 ut

146 730 479 798 Catholici
524 730 622 794 illi
641 779 661 812 ,
708 729 819 816 qui
856 729 927 794 in
972 728 1425 795 coniunctione
1470 728 1692 794 vivant
1737 749 1814 792 eo
1853 725 2046 790 modo
2071 725 2250 809 inita,
2297 725 2554 792 facilius

142 830 377 896 induci
417 831 669 918 possint
709 829 793 894 ad
834 837 1175 917 peccatum
1214 851 1404 896 suum
1444 827 1836 895 salutaribus
1859 825 2302 915 poenitentiae
2341 826 2553 912 lacry-

147 933 281 996 mis
327 929 758 1019 expiandum,
824 928 1107 1017 denique
1151 939 1225 995 ut
1265 929 1335 994 in
1376 937 1714 1018 posterum
1759 937 1936 992 certa
1983 927 2280 992 omnibus
2321 927 2556 1014 regula

148 1033 240 1098 sit
263 1083 283 1116 ,
344 1053 473 1116 qua
510 1031 593 1096 de
634 1031 703 1093 vi
742 1029 1301 1096 matrimoniorum
1344 1049 1422 1094 ea
1463 1029 1716 1096 ratione
1757 1026 2350 1093 contrahendorum
2391 1027 2556 1094 diiu-

148 1133 407 1197 dicent.'
474 1131 523 1199 J
524 1153 629 1196 am
670 1152 828 1196 vero
886 1130 973 1194 ad
1036 1131 1528 1196 coniunctiones
1595 1129 1770 1214 quod
1825 1127 2052 1192 attinet
2069 1177 2088 1210 ,
2151 1148 2318 1212 quae
2362 1127 2556 1192 isthic

146 1253 365 1320 usque
426 1231 510 1298 ad
565 1252 875 1320 praesens
915 1239 1172 1319 tempus
1210 1230 1349 1296 sine
1392 1229 1664 1316 parochi
1719 1227 2086 1317 praesentia
2142 1227 2338 1292 initae
2383 1236 2558 1312 sunt,

150 1333 301 1400 Nos
342 1332 533 1397 brevi
594 1331 1044 1418 delegabimus
1097 1330 1640 1398 Fraternitatibus
1684 1330 1942 1396 Vestris
2008 1327 2402 1394 necessarias
2465 1329 2558 1392 fa-

157 1433 437 1498 cultates
454 1479 475 1514 ,
542 1453 815 1516 quarum
860 1431 927 1496 vi
971 1431 1157 1496 malis
1204 1431 1444 1496 exinde
1487 1431 1646 1496 ortis
1685 1453 1926 1517 magna
1967 1429 2200 1494 saltem
2239 1449 2330 1492 ex
2372 1437 2560 1516 parte

156 1531 416 1598 mederi
459 1531 752 1597 valeatis.
832 1530 1029 1596 Nunc
1070 1539 1289 1596 autem
1332 1552 1453 1618 per
1492 1527 1768 1596 Nostras
1821 1530 1940 1594 has
1995 1530 2216 1594 literas
2256 1529 2558 1608 volumus

156 1643 229 1698 et
274 1632 679 1714 mandamuS,
722 1641 795 1696 ut
834 1633 1244 1698 matrimonia
1286 1632 1526 1716 mixta,
1581 1651 1748 1715 quae
1792 1631 2062 1718 posthac
2121 1631 2188 1714 (a
2233 1629 2340 1694 die
2382 1628 2562 1694 vide-

155 1733 321 1797 licet
362 1733 464 1797 25.
508 1732 728 1796 Martii
775 1731 967 1814 1830)
1026 1732 1094 1797 in
1114 1731 1373 1796 Vestris
1436 1730 1842 1796 dioecesibus
1891 1730 2184 1796 contrahi
2227 1729 2560 1816 contingat

154 1855 297 1897 non
346 1839 605 1897 servata
642 1831 855 1896 forma
900 1853 939 1895 a
976 1829 1363 1897 Tridentino
1410 1829 1704 1896 Concilio
1745 1832 2168 1919 praescripta,
2215 1829 2270 1895 si
2312 1829 2562 1896 eisdem

158 1933 421 1997 nullum
488 1931 667 1996 aliud
728 1933 945 1998 obstet
1000 1933 1381 1998 canonicum
1440 1931 1754 1998 dirimens
1809 1931 2386 2018 impedimentum,
2440 1953 2560 2019 pro

163 2034 327 2099 ratis
386 2055 463 2098 ac
504 2032 679 2096 veris
734 2031 1073 2098 connubiis
1116 2033 1512 2115 habeantur3
1585 2040 1780 2120 prout
1825 2030 1964 2096 Nos
2009 2029 2386 2096 auctoritate
2427 2030 2560 2096 No-

110 2203 117 2208 ,
160 2141 301 2196 stra
346 2131 701 2220 apostolica
744 2131 1165 2196 matrimonia·
1206 2152 1284 2195 ea
1326 2152 1487 2195 vera
1527 2152 1604 2196 ac
1642 2139 1785 2196 rata
1833 2130 1975 2198 fore
2019 2131 2425 2197 declaramus
2468 2141 2561 2196 at-

162 2253 295 2317 que
336 2231 747 2297 decernimus
798 2231 1134 2296 contrariis
1174 2253 1308 2296 non
1346 2231 1748 2296 obstantibus
1791 2231 2320 2316 quibuscumque.
2384 2231 2562 2316 Quo-

166 2332 337 2396 circa
382 2330 745 2396 catholicae
800 2353 1119 2418 personae
1148 2383 1167 2416 ,
1222 2353 1389 2416 quae
1442 2332 1514 2396 in
1574 2341 1910 2420 posterum
1973 2333 2384 2398 matrimonia
2438 2332 2565 2397 hoc

164 2433 365 2497 modo
412 2431 857 2497 contraxerint
873 2481 895 2514 ,
938 2431 1096 2496 dum
1140 2433 1393 2498 nullum
1434 2431 1614 2496 aliud
1655 2431 1738 2496 iis
1783 2433 2070 2498 obstaret
2105 2431 2418 2518 dirimens
2465 2455 2562 2498 ca-

154 2531 465 2597 nonicum
502 2531 1046 2619 impedimentum
1066 2579 1086 2614 ,
1156 2557 1195 2596 a
1234 2532 1431 2598 sacris
1474 2533 1841 2620 pastoribus
1898 2533 2275 2600 edocendae
2347 2543 2558 2616 erunt,

154 2633 335 2720 ipsas
374 2649 605 2697 verum
648 2641 719 2697 et
753 2641 965 2696 ratum
1010 2632 1390 2719 coniugium
1428 2632 1719 2698 inivisse.
1772 2632 2053 2722 Insuper
2091 2644 2422 2722 pastorum
2465 2634 2558 2700 of-

158 2733 385 2796 ficium
440 2733 569 2796 erit
587 2780 608 2815 ,
684 2732 1033 2797 catholicos
1098 2732 1425 2817 quoslibet
1443 2783 1463 2816 ,
1529 2734 1917 2821 praesertim
1976 2755 2132 2799 vero
2207 2734 2561 2800 catholicas

158 2831 471 2898 mulieres
501 2883 521 2916 ,
564 2853 729 2916 quae
774 2854 919 2896 cum
964 2831 1337 2896 acatholicis
1376 2830 1628 2898 validas
1672 2833 1975 2922 quidem,
2017 2833 2136 2898 sed
2175 2841 2392 2898 tamen
2429 2833 2558 2898 illi-

156 2930 319 2996 citas
359 2931 619 3020 nuptias
658 2931 1097 2999 contraxerint
1113 2981 1133 3016 ,
1189 2943 1558 3021 opportuno
1603 2940 1900 3022 tempore
1941 2935 2298 3002 admonere
2339 2936 2410 3000 in
2455 2959 2557 3000 ca-

158 3031 355 3096 ritate
400 3031 533 3098 Dei
578 3041 641 3096 et
688 3031 1001 3120 patientia
1022 3030 1290 3118 Christi,
1330 3043 1405 3098 ut
1452 3033 1536 3098 de
1579 3035 1765 3120 gravi
1807 3044 2062 3122 patrato
2111 3036 2366 3102 scelere
2407 3056 2563 3123 poe-

158 3131 501 3196 nitentiam
540 3139 759 3218 agant,
806 3131 1073 3216 suisque
1116 3133 1508 3198 satisfaciant
1551 3133 2056 3220 obligationibus
2080 3186 2102 3219 ,
2157 3135 2222 3199 ei
2263 3157 2561 3223 praeser-

142 3232 281 3295 tim
299 3279 320 3313 ,
359 3252 487 3316 qua
522 3253 684 3317 erga
727 3253 881 3296 suos
920 3231 1090 3296 filios
1139 3232 1319 3321 ipsae
1358 3253 1618 3321 semper
1661 3235 2088 3320 tenebuntur,
2161 3235 2246 3300 ad
2291 3236 2559 3302 catholi-

166 3353 311 3396 cam
352 3330 663 3397 videlicet
696 3332 964 3397 illorum
1006 3332 1294 3396 omnium
1336 3332 1792 3398 educationem
1836 3357 1956 3421 pro
2002 3334 2252 3401 viribus
2297 3336 2558 3401 sedulo·-

162 3451 293 3515 que
337 3431 705 3496 curandam.
790 3431 1115 3497 Posthaec
1157 3454 1716 3522 supervacaneum
1761 3434 2058 3499 ducimus
2070 3484 2091 3519 ,
2131 3434 2560 3499 Venerabile-s

162 3529 448 3613 Fratres,
494 3531 633 3597 Vos
678 3531 965 3597 excitare
988 3584 1008 3616 ,
1046 3542 1121 3597 ut
1164 3533 1510 3598 attendatis
1527 3583 1549 3616 ‚
1593 3544 1832 3619 quanta
1874 3535 2218 3623 prudentia
2259 3535 2442 3601 hisce
2487 3534 2560 3600 in

162 3629 421 3696 casibus
484 3633 811 3718 agendum
860 3633 979 3716 sit,
1043 3654 1127 3698 ne
1173 3631 1554 3698 Catholicae
1595 3634 1926 3721 Religioni
1979 3629 2236 3701 creetur
2289 3634 2556 3719 invidia,

168 3731 695 3817 quandoquidem
720 3732 1191 3798 Frateruitates
1230 3733 1502 3800 Vestras
1543 3735 1612 3800 id
1656 3737 1863 3822 probe
1913 3757 2106 3802 nosse
2149 3746 2558 3825 compertum

163 3831 373 3897 Nobis
414 3833 957 3921 exploratumque
1000 3844 1117 3899 est.
1198 3831 1315 3900 Sic
1358 3833 1536 3920 agite
1581 3834 1803 3920 igitur,
1847 3836 2072 3922 sicque
2117 3861 2154 3902 a
2203 3835 2406 3903 Vobis
2449 3838 2560 3903 ad-

162 3931 393 3996 moniti
432 3943 630 4018 agant
671 3934 939 4021 parochi
954 3981 975 4016 ,
1016 3942 1093 3998 ut
1136 3955 1363 4000 omnes
1408 3933 1674 4000 videant
1687 3987 1706 4020 ,
1751 3933 2128 4002 Catholicos
2169 3937 2558 4006 Sacerdotes

162 4052 297 4094 non
340 4031 490 4116 alio,
534 4053 729 4116 quam
774 4033 975 4098 officii
1016 4033 1117 4098 sui
1152 4033 1556 4120 adimplendi
1595 4035 1825 4122 spiritu
1867 4037 2171 4122 animari,
2225 4050 2298 4105 ut
2343 4040 2411 4104 in
2454 4038 2557 4123 iis,

164 4151 333 4215 quae
368 4130 711 4218 religionis
758 4142 927 4216 sunt,
957 4133 1297 4200 Ecclesiae
1342 4135 1606 4221 regulas
1647 4145 1928 4219 servent,
1976 4137 2282 4224 ipsosque
2327 4138 2562 4204 eodem

163 4230 399 4319 spiritu
446 4230 643 4317 duci,
706 4243 781 4298 ut
822 4233 891 4298 in
931 4233 1035 4317 iis,
1074 4255 1241 4318 quae
1284 4233 1500 4299 civilis
1555 4245 1702 4300 sunt
1763 4234 2006 4300 ordinis
2031 4287 2052 4320 ,
2113 4237 2330 4324 regias
2373 4239 2560 4326 leges

162 4353 298 4396 non
341 4341 611 4420 propter
652 4333 962 4401 servilem
1006 4334 1355 4420 quemdam
1398 4344 1644 4402 metum
1665 4383 1686 4418 ,
1748 4335 1866 4402 sed
1914 4347 2186 4425 propter
2229 4338 2560 4404 conscien-

162 4433 322 4496 tiam
360 4432 756 4499 custodiant.
798 4433 1003 4501 Nobis
1050 4436 1319 4520 quidem
1360 4437 1786 4503 vehementer
1831 4437 2046 4522 dolet,
2087 4437 2262 4524 quod
2301 4436 2440 4504 Vos
2481 4440 2562 4506 ab
