2959 4984
450 313 645 363 xvm.
716 309 1021 362 EUGENII
1057 309 1145 360 lv.
1183 309 1427 362 BULLA
1465 311 1590 360 DIE
1626 309 1743 360 vn.
1779 307 1984 360 FEBR.
2023 309 2085 360 Δ.
2123 305 2282 360 1447.
2452 311 2558 366 105

159 503 347 567 quam
412 475 735 548 seculares
796 477 1073 544 nationis
1118 475 1508 544 Germanice
1568 479 1636 542 in
1695 478 1972 562 quadam
2027 478 2433 544 neutralitate
2491 488 2557 543 et

157 583 523 648 animorum
590 579 1011 667 suspensione
1070 602 1109 643 a
1156 577 1262 643 die
1312 577 1561 643 decima
1607 578 1876 666 septima
1915 578 2164 644 Mensis
2205 577 2421 644 Martii
2471 579 2554 644 de

154 681 348 748 Anno
397 681 648 748 domini
670 679 1023 746 Millesimo
1064 678 1704 766 quadringentesimo
1739 679 2062 744 tricesimo
2097 687 2322 744 octavo
2347 701 2554 764 usque

148 782 213 847 in
254 791 640 870 presentem
686 781 858 845 diem
903 801 975 844 se
1020 779 1349 843 tenuerint
1390 800 1465 843 ea
1507 788 1725 844 mente
1765 788 1840 843 ut
1879 787 2209 860 asserunt,
2263 788 2335 843 ut
2375 787 2552 868 post-

148 883 419 948 modum
455 880 738 967 unanimi
780 901 1102 945 consensu
1144 879 1212 943 in
1255 888 1477 943 nostra
1522 889 1588 943 et
1629 879 1802 944 sedis
1845 878 2200 966 apostolice
2245 880 2550 946 obedien-

150 982 229 1047 tia
270 990 343 1046 et
386 981 759 1046 reverentia
800 980 1063 1068 paribus
1112 979 1447 1064 gressibus
1488 979 1794 1044 incedere
1836 987 2124 1066 possent,
2171 987 2238 1044 et
2284 979 2550 1046 Carissi-

148 1103 282 1146 mus
324 1083 398 1146 in
430 1079 689 1168 Christo
732 1079 905 1145 filius
943 1088 1165 1144 noster
1191 1078 1581 1144 Fredericus
1609 1079 1758 1144 Rex
1785 1079 2222 1145 Romanorum
2247 1079 2551 1164 Illustris,

148 1205 219 1246 ac
258 1181 680 1247 Venerabilis
723 1182 922 1245 frater
965 1188 1189 1244 noster
1218 1178 1666 1244 Theodericus
1696 1178 2247 1267 Archiepiscopus
2276 1179 2551 1267 Magun-

151 1281 443 1364 tinensis,
494 1291 559 1346 et
602 1281 878 1345 dilectus
920 1279 1093 1344 filius
1137 1277 1393 1344 Nobilis
1434 1279 1558 1343 Vir
1597 1277 1986 1344 Fredericus
2029 1278 2319 1344 Marcbio
2346 1279 2550 1346 Bran-

152 1379 582 1466 deburgensis
630 1381 794 1446 sacri
823 1378 1094 1467 Imperii
1120 1378 1477 1460 Electores,
1520 1401 1593 1444 ac
1616 1379 2045 1444 Venerabiles
2084 1379 2317 1444 fratres
2347 1380 2552 1446 nostri

150 1477 541 1544 Fredericus
582 1479 1207 1564 MagdeburgensiS,
1253 1477 1643 1543 Fredericus
1688 1475 2262 1564 Salzeburgensis,
2309 1490 2376 1544 et
2417 1479 2550 1547 Ge-

152 1581 376 1646 rardus
422 1581 803 1646 Bremensis
846 1577 1364 1666 Archiepiscopi,
1407 1600 1481 1642 ac
1525 1577 1786 1661 quidam
1827 1578 1935 1642 alii
1982 1579 2225 1644 Prelati
2269 1589 2334 1644 et
2360 1580 2547 1646 Prin-

153 1679 320 1769 cipes
390 1681 565 1746 dicte
607 1680 907 1746 Nationis
964 1678 1153 1743 nobis
1217 1678 1498 1743 debitam
1555 1678 1988 1744 obedientiam
2029 1701 2150 1769 per
2192 1703 2343 1746 suos
2387 1680 2548 1748 Ora·-

148 1788 314 1846 tores
352 1781 784 1868 prestiterint,
826 1803 901 1844 ac
944 1800 1065 1845 nos
1107 1779 1339 1843 solum¹
1359 1778 1428 1843 in
1462 1777 1716 1844 Christi
1757 1779 1909 1844 Iesu
1947 1780 2276 1846 Vicarium
2317 1780 2548 1869 recog-

149 1881 450 1946 noverint
498 1891 563 1946 et
606 1881 885 1970 pro-fessi
924 1879 1186 1961 fuerint,
1225 1878 1363 1944 Nos
1412 1878 1670 1943 attentis
1718 1879 1893 1964 quod
1922 1880 2092 1946 dicte
2125 1883 2549 1950 neutralitatis

148 1989 209 2044 et
268 1983 717 2070 suspensionis
772 1990 1067 2068 tempore
1127 1979 1406 2066 plurima
1460 1978 1532 2042 in
1573 1979 1715 2066 ipsa
1753 1979 2037 2046 Natione
2079 1992 2218 2047 acta
2257 1991 2445 2070 gesta
2487 1993 2553 2048 et

146 2081 304 2146 facta
362 2082 615 2146 fuerint
658 2101 783 2166 que
828 2078 1381 2146 confir-mationem
1420 2079 1897 2165 indulgentiam
1942 2090 2008 2146 et
2048 2081 2548 2171 disposicionem

148 2203 335 2268 super
378 2204 499 2248 eos
538 2180 891 2269 apostolice
934 2179 1327 2244 auctoritatis
1370 2179 1712 2263 requirunt
1749 2182 2148 2268 prefatorum
2184 2183 2388 2270 Regis
2415 2185 2546 2250 Ar-

150 2280 709 2371 chiepiscoporum
754 2279 1147 2346 Marchionis
1197 2288 1692 2365 ceterorumque
1733 2280 2144 2346 Prelatorum
2189 2290 2254 2346 et
2298 2281 2545 2348 Princi-

145 2402 290 2466 pum
326 2380 910 2470 supplicationibus
953 2380 1260 2462 inclinati,
1306 2401 1532 2446 omnes
1575 2389 1642 2444 et
1681 2379 1973 2466 singulas
2013 2390 2142 2446 tam
2162 2380 2539 2469 Metropoli-

146 2488 434 2547 tanarum
503 2504 695 2567 quam
741 2474 1227 2548 Cathedralium
1289 2481 1688 2564 aliarumque
1751 2479 2170 2546 ecclesiarum
2228 2501 2350 2544 nec
2411 2504 2544 2546 non

146 2579 533 2666 dignitatum
576 2583 779 2646 eciam
822 2580 1261 2646 Abbatialium
1306 2602 1379 2644 ac
1419 2589 1570 2667 post
1612 2579 2017 2667 pontificales
2069 2580 2416 2663 maiorum,
2480 2591 2548 2647 et

146 2678 207 2744 in
264 2669 683 2767 Collegiatis¹
730 2679 1019 2746 ecclesiis
1087 2678 1542 2768 principalium
1616 2689 1683 2745 et
1748 2680 2024 2745 aliorum
2085 2680 2543 2746 benefitiorum

146 2802 213 2844 ac
274 2781 646 2846 officiorum
708 2779 1287 2846 ecclesiasticorum
1350 2801 1882 2865 quorumcunque
1945 2781 2205 2847 eciamsi
2267 2781 2541 2847 ecclesie

155 2889 360 2946 curate
414 2879 844 2946 canonicatus
890 2889 957 2944 et
1010 2879 1345 2968 prebende
1398 2881 1644 2946 fuerint
1684 2880 2034 2946 electiones
2076 2881 2542 2970 postulationes

148 2979 663 3046 confirmationes
730 2979 1107 3045 collationes
1168 2981 1576 3069 provisiones
1635 2990 1700 3045 et
1767 2981 2220 3069 dispositiones
2281 3003 2537 3048 necnon

150 3101 484 3165 processus
540 3068 899 3146 sentencias
938 3080 1190 3165 aliaque
1242 3087 1381 3145 acta
1415 3081 1752 3146 iudiciaria
1794 3082 2168 3147 auctoritate
2213 3082 2536 3148 ordinaria

146 3177 510 3246 huiusmodi
560 3179 999 3269 suspensionis
1046 3190 1113 3246 et
1150 3182 1575 3246 neutralitatis
1618 3191 1913 3271 tempore
1955 3184 2152 3248 factas
2196 3205 2313 3248 seu
2354 3184 2538 3266 facta,

148 3299 299 3362 quae
368 3281 587 3346 omnia
626 3289 693 3345 et
734 3281 990 3367 singula
1033 3281 1139 3346 hic
1183 3283 1410 3347 haberi
1451 3283 1773 3348 voluimus
1807 3305 1929 3370 pro
1981 3284 2380 3350 sufficienter
2429 3307 2537 3351 ex-

146 3380 377 3464 pressis
398 3429 419 3463 ,
483 3404 557 3444 ac
614 3403 689 3446 ea
747 3390 933 3467 grata
984 3390 1049 3446 et
1092 3390 1229 3446 rata
1269 3382 1583 3467 habentes
1631 3384 2006 3448 auctoritate
2053 3385 2404 3473 apostolica
2451 3407 2538 3450 ex

148 3487 309 3544 certa
346 3480 620 3545 scientia
662 3481 1133 3564 confirmamuS,
1172 3482 1492 3547 Volentes
1538 3506 1612 3546 ac
1655 3484 1856 3548 eciam
1895 3492 2246 3550 statuentes
2277 3495 2350 3550 ut
2375 3485 2540 3551 nulli

148 3578 246 3660 qui
296 3579 367 3644 in
428 3582 841 3666 possessione
910 3581 1326 3647 ecclesiarum
1370 3581 1912 3649 Monasteriorum
1975 3585 2364 3671 dignitatum
2425 3588 2538 3651 be-

148 3679 524 3746 neficiorum
574 3690 641 3746 et
676 3681 1041 3746 officiorum
1085 3670 1455 3746 huiusmo‘di
1498 3704 1878 3768 quacunque
1922 3685 2122 3750 eciam
2167 3706 2391 3748 eorum
2431 3684 2542 3769 qui

149 3777 397 3846 Basilee
454 3791 602 3869 post
652 3781 1142 3846 translationem
1187 3791 1252 3846 et
1295 3782 1786 3850 dissolutionem
1833 3784 2108 3852 Concilii
2149 3783 2394 3849 ibidem
2434 3805 2536 3848 re-

150 3887 513 3944 manserunt
552 3880 927 3944 auctoritate
972 3901 1049 3945 ea
1088 3881 1351 3946 fuerunt
1394 3883 1706 3966 assecuti,
1769 3905 1967 3972 super
2012 3883 2384 3948 huiusmodi
2433 3905 2533 3948 ec-

155 3976 353 4044 clesiis
404 3978 821 4064 digni-tatibus
870 3979 1187 4044 benefitiis
1236 3990 1301 4045 et
1346 3981 1575 4047 officiis
1617 4005 1692 4046 ac
1735 3983 2078 4049 sentenciis
2121 3992 2188 4048 et
2219 3983 2536 4070 processi-

148 4075 254 4141 bus
316 4077 579 4144 eciamsi
640 4079 709 4143 in
756 4079 1045 4144 Romana
1091 4078 1292 4146 Curia
1345 4082 1457 4146 vel
1515 4091 1700 4148 extra
1765 4105 1907 4148 eam
1951 4085 2030 4148 lis
2077 4083 2256 4148 cuius
2299 4091 2534 4148 statum

149 4179 545 4262 presentibus
585 4179 898 4252 habemus
934 4201 1057 4268 pro
1100 4173 1413 4269 expresso
1456 4183 1745 4250 indecisa
1785 4185 2070 4273 pendeat
2111 4184 2368 4249 eciamsi
2413 4205 2534 4272 per

152 4295 249 4339 eas
288 4277 371 4342 ad
413 4300 489 4344 ea
526 4279 639 4344 vel
681 4288 900 4344 contra
940 4301 1015 4343 ea
1050 4281 1247 4346 fuerit
1289 4283 1475 4348 alteri
1517 4283 1618 4348 ius
1665 4285 1986 4370 quesitum
2027 4305 2144 4350 seu
2189 4284 2290 4350 ius
2328 4284 2528 4370 aliqui

150 4395 213 4438 se
249 4376 487 4444 habere
525 4379 996 4468 pretenderent
1037 4401 1123 4447 ex
1162 4403 1335 4447 nunc
1373 4383 1443 4447 in
1481 4392 1671 4450 antea
1708 4385 1778 4456 in
1803 4384 1944 4473 ipsa
1977 4383 2174 4452 Curia
2203 4386 2314 4451 vel
2341 4395 2527 4453 extra

154 4493 283 4542 eam
332 4481 689 4570 apostolica
741 4482 851 4546 vel
890 4482 1016 4548 alia
1058 4483 1281 4568 quavis
1323 4483 1702 4550 auctoritate
1746 4485 1975 4574 impeti
2018 4496 2130 4552 aut
2171 4488 2525 4572 quomodo-
