2959 4984
547 285 620 340 42
843 287 936 338 vl.
1007 285 1302 338 REGULA
1347 284 1884 338 cunoooeauffl
1918 283 2246 338 1:918001’1
2280 283 2719 344 METENSIS.

552 455 863 534 gravetur
905 455 1108 512 mater
1157 445 1448 527 eeclesia,
1494 467 1687 530 quam
1730 453 1983 512 constat
2021 447 2309 530 quotidie
2340 451 2803 520 subvention

549 569 808 636 perum,
871 546 1340 630 viduarumque
1363 593 1384 628 ,
1448 553 1641 630 atque
1686 545 2120 632 orphanorum
2141 593 2163 630 ,
2218 547 2563 635 simulque
2620 574 2803 638 egel

556 669 870 712 canonum
907 645 1191 710 iussione
1236 644 1663 727 constrictam,
1706 643 1947 710 debere
1991 666 2133 712 esse
2176 668 2437 736 semper
2486 651 2803 718 intenta·

718 765 932 851 Igitur
985 762 1369 848 quicumque
1419 781 1491 824 se
1551 759 1635 824 ad
1696 760 1869 825 hunc
1930 761 2226 828 ordinem
2270 767 2736 852 canonicum,

554 865 747 930 modo
791 873 1138 947 utcumque
1180 881 1567 947 recuperare
1612 859 1920 946 cupimus,
1967 861 2130 925 sicut
2172 863 2242 927 in
2282 867 2575 952 parvulo
2616 867 2805 932 decr

555 965 730 1050 quod
777 962 1186 1049 digessimus,
1228 958 1682 1041 intimavimuS,
1730 979 1799 1023 se
1838 960 2085 1025 sociare
2124 963 2445 1048 voluerit3
2525 976 2604 1032 et
2656 967 2755 1032 de

556 1086 709 1151 quas
772 1063 966 1128 habet
1024 1059 1398 1126 solemniter
1457 1057 1803 1124 donatione
1860 1080 1981 1147 per
2020 1071 2431 1147 praesentem
2480 1065 2713 1131 donet
2764 1091 2805 1132 a

565 1165 826 1230 clesiam
865 1162 1034 1228 beati
1077 1159 1261 1225 Pauli
1308 1157 1390 1223 ad
1435 1181 1595 1247 opus
1636 1157 1801 1241 Dei,
1843 1159 1951 1223 vel
1995 1160 2243 1225 clericis
2283 1162 2540 1229 ibidem
2596 1166 2807 1232 deser

554 1263 760 1344 tibus3
805 1255 992 1326 faciat
1033 1267 1099 1324 et
1136 1256 1514 1346 precariam,
1558 1257 1611 1320 si
1648 1257 1738 1321 ita
1768 1258 1829 1322 ei
1855 1258 2204 1346 placuerit:
2254 1262 2501 1328 exinde
2534 1268 2627 1331 ab
2664 1267 2807 1355 epi1

553 1364 849 1451 accipiat,
899 1361 970 1425 in
1013 1382 1090 1423 ea
1131 1359 1399 1440 ratione,
1443 1366 1519 1422 ut
1560 1357 1715 1422 dum
1756 1357 2045 1443 advivet,
2100 1361 2272 1449 ipsas
2317 1385 2424 1428 res
2476 1367 2807 1432 usufruct

561 1463 788 1530 ordine
830 1461 1099 1542 habeat,
1174 1467 1240 1522 et
1298 1465 1446 1546 post
1509 1457 1829 1522 obiectum
1857 1457 1908 1542 ¹)
1955 1459 2090 1525 eius
2154 1483 2298 1526 cum
2343 1465 2523 1529 omni
2569 1465 2807 1552 integ-1

563 1562 866 1646 omnique
905 1557 1312 1646 superposito
1337 1554 1419 1620 ad
1449 1555 1787 1620 ecclesiam
1816 1557 1917 1622 cui
1944 1557 2411 1645 datae-fuerint,
2432 1563 2549 1627 vel
2581 1564 2805 1652 ipsius

556 1659 958 1749 gregationis
999 1657 1170 1745 ipsas
1208 1677 1337 1738 reS,
1380 1657 1623 1740 absque
1658 1655 1851 1720 ullius
1886 1657 2393 1744 consignatione,
2416 1662 2555 1726 .vel
2590 1685 2809 1752 exspe

555 1759 899 1827 traditione
941 1765 1368 1822 revertantur.
1438 1754 1527 1820 Et
1569 1754 1761 1820 liceat
1804 1755 1862 1820 ei
1904 1755 1986 1820 de
2031 1759 2206 1822 omni
2248 1759 2473 1825 mobili
2519 1782 2609 1826 ex
2652 1764 2809 1852 ipsis

555 1864 676 1928 bus
725 1857 1030 1946 quamdiu
1067 1855 1245 1939 vivit,
1289 1865 1354 1920 et
1393 1855 1461 1920 in
1508 1855 1651 1942 ipso
1700 1854 1928 1920 ordine
1973 1857 2279 1941 consistit,
2327 1858 2795 1947 eleemosynas

556 1960 626 2026 in
672 1979 1025 2048 pauperes,
1071 1978 1260 2042 quam
1301 1955 1384 2019 ad
1428 1955 1635 2042 ipsam
1683 1956 2291 2041 congregationem,
2338 1979 2535 2043 quam
2586 1962 2791 2026 etiam

560 2081 834 2145 cumque
875 2056 1156 2122 voluerit
1199 2055 1432 2137 facere,
1480 2063 1545 2119 et
1588 2054 2001 2120 necessitates
2043 2079 2189 2121 suas
2230 2059 2524 2146 explere.
2612 2061 2705 2126 Et
2750 2062 2804 2126 si

560 2159 736 2246 quod
794 2158 876 2223 de
921 2158 1063 2246 ipso
1108 2155 1331 2221 mobili
1376 2163 1527 2242 post
1570 2154 1817 2220 obitum
1860 2155 1997 2219 eius
2044 2157 2472 2244 superfuerit,
2540 2161 2761 2225 media
2802 2185 2811 2250 j

565 2261 636 2324 in
679 2259 1094 2344 eleemosyna
1139 2255 1275 2320 eius
1313 2255 1382 2319 in
1422 2275 1765 2342 pauperes,
1806 2255 1917 2319 vel
1955 2256 2306 2344 promissas
2350 2258 2509 2342 eius,
2551 2269 2663 2324 aut
2702 2263 2811 2326 ubi

560 2359 758 2424 luerit
799 2359 1103 2440 ambulet,
1148 2354 1617 2437 archidiacono,
1663 2363 1773 2419 aut
1809 2355 2199 2442 primicerio,
2245 2358 2355 2422 vel
2397 2360 2498 2424 cui
2542 2360 2683 2450 ipse
2726 2362 2811 2425 vix

559 2458 890 2544 rogaverit
948 2457 1400 2545 dispensante:
1467 2463 1533 2520 et
1586 2455 1701 2519 illa
1740 2455 1955 2519 media
1992 2479 2143 2544 pars
2182 2455 2251 2522 in
2291 2457 2493 2546 ipsius
2535 2461 2813 2526 eleemos

561 2557 646 2622 ad
700 2555 980 2639 clerum,
1044 2555 1154 2618 vel
1207 2554 1291 2620 ad
1346 2555 1557 2644 ipsam
1613 2555 2187 2641 congregationem
2230 2569 2607 2624 revertatur.
2695 2560 2783 2626 Et

565 2657 782 2722 clerici
832 2656 914 2720 de
956 2655 1114 2742 ipsis
1152 2656 1367 2736 rebus,
1413 2676 1570 2738 quas
1614 2653 1684 2717 in
1717 2654 2041 2742 precarias
2074 2655 2333 2740 habent,
2375 2655 2583 2743 neque
2625 2658 2705 2724 de
2736 2670 2813 2724 te]

571 2777 781 2843 neque
826 2755 906 2820 de
943 2754 1173 2835 vineis,
1217 2762 1328 2817 aut
1365 2753 1563 2836 silvis,
1607 2753 1829 2841 pratis,
1874 2753 2187 2838 domibuS‚
2227 2756 2553 2840 aedificiis,
2596 2760 2813 2848 manci]

567 2856 923 2936 accolabus,
965 2854 1078 2917 vel
1115 2851 1509 2937 quibuslibet
1545 2855 1742 2918 rebus
1778 2853 2215 2922 immobilibus
2259 2856 2605 2940 minuendi,
2644 2868 2751 2924 aut
2784 2883 2813 2920 v

562 2956 792 3038 dendi,
856 2963 968 3020 aut
1023 2951 1454 3018 commutandi
1512 2963 1899 3041 potestatem
1962 2976 2096 3020 non
2156 2955 2472 3040 habeant3
2537 2968 2794 3047 excepto

577 3056 857 3122 diximus
904 3054 986 3119 de
1027 3053 1140 3117 illa
1185 3053 1421 3136 fructa,
1471 3053 1581 3117 vel
1620 3053 1797 3139 quod
1837 3055 2081 3120 ibidem
2118 3055 2412 3121 laborare
2454 3059 2789 3144 potuerint,

568 3165 796 3221 ventes
839 3155 1076 3220 faciant
1117 3153 1294 3240 quod
1334 3154 1676 3219 voluerint.

731 3272 928 3356 Quod
973 3273 1026 3337 si
1071 3271 1416 3358 contigerit
1463 3271 1776 3336 suadente
1824 3271 2112 3354 diabolo,
2160 3279 2234 3336 ut
2278 3269 2503 3356 aliquis
2544 3293 2623 3337 ex
2657 3273 2750 3337 his
2787 3273 2813 3335 f

564 3373 765 3439 tribus
788 3423 807 3456 ,
853 3374 962 3460 qui
1005 3374 1176 3462 ipsas
1223 3394 1333 3438 res
1374 3395 1496 3461 per
1542 3359 1865 3460 precarias
1906 3371 2268 3455 habuerint,
2310 3372 2381 3436 in
2412 3372 2623 3457 aliquo
2666 3372 2813 3436 crimi

567 3496 769 3563 grave
788 3523 808 3557 ,
875 3483 984 3539 aut
1027 3475 1174 3539 leve
1216 3473 1458 3539 incidat
1476 3523 1497 3556 ,
1559 3473 2026 3560 poenitentiam
2066 3473 2248 3536 iuxta
2292 3471 2465 3557 quod
2506 3473 2803 3561 episcopus

564 3574 962 3658 iudicaverit,
1009 3583 1198 3660 agat3
1258 3582 1473 3638 tamen
1520 3574 1602 3638 de
1646 3573 1841 3638 rebus
1887 3595 2044 3657 quas
2084 3595 2207 3660 per
2244 3573 2585 3660 precariam
2622 3571 2811 3661 possid

569 3676 964 3764 exspoliatus
1009 3688 1130 3763 p'ro
1172 3675 1292 3740 hac
1331 3696 1404 3740 re
1451 3695 1595 3739 esse
1638 3695 1772 3738 non
1818 3674 2069 3738 debeat.
2164 3669 2241 3738 Si
2283 3673 2425 3757 quis
2464 3681 2654 3737 autem
2690 3671 2813 3736 eod<

566 3776 781 3858 modo,
825 3796 950 3859 quo
995 3797 1189 3862 supra
1226 3774 1636 3856 instituimus,
1682 3774 1763 3838 ad
1794 3773 1961 3836 hanc
1990 3771 2567 3858 congregationem,
2606 3781 2719 3837 tam
2744 3793 2811 3836 un

567 3893 653 3938 ex
693 3875 1024 3939 abbatibus
1068 3874 1299 3939 nostris
1318 3923 1338 3958 ,
1382 3896 1575 3960 quam
1617 3873 1891 3959 quilibet
1932 3873 2259 3938 extraneis
2302 3871 2541 3937 clericis
2575 3893 2635 3937 se
2673 3872 2813 3937 socia

571 3973 1054 4058 desideraverit,
1102 3997 1178 4040 eo
1222 3985 1468 4058 tenore,
1513 3983 1587 4040 ut
1622 3974 1732 4040 alii
1772 3975 2003 4039 fratres
2044 3973 2358 4054 fecerunt,
2398 3971 2587 4036 faeiat.
2628 3970 2791 4054 Quod

563 4074 726 4140 alter
766 4075 994 4159 fuerit,
1061 4077 1170 4162 qui
1214 4098 1283 4142 se
1327 4075 1422 4142 eis
1460 4075 1745 4140 voluerit
1785 4074 2030 4139 sociare
2050 4122 2070 4155 ,
2140 4081 2205 4137 et
2248 4071 2459 4136 omnia
2494 4070 2567 4135 ad
2598 4069 2813 4155 integra·

559 4174 974 4262 perfectionis
1038 4176 1246 4262 gratia
1323 4176 1816 4260 derelinquere:
1893 4174 2232 4261 episcopus
2302 4170 2613 4259 provideat
2656 4170 2731 4234 eis
2772 4191 2813 4231 n·

760 4452 814 4521 1)
861 4455 1016 4523 Lege,
1056 4450 1286 4521 obitum,
1323 4461 1382 4505 ut
1418 4469 1603 4522 supra.
