2959 4984
423 328 492 383 32
713 324 806 379 Vl.
877 320 1174 378 REGULA
1211 322 1737 378 CHRODOGANGI
1776 322 2109 378 EPISOOPI
2148 322 2528 379 METENSIS.

423 516 630 579 usque
666 494 748 559 ad
789 493 1073 560 Tertiam
1116 495 1376 583 plenam
1416 504 1679 577 vacent3
1742 504 1809 559 et
1849 497 2020 561 foras
2066 496 2361 577 claustra,
2404 496 2528 561 nisi
2580 504 2826 559 tantum

425 616 544 683 per
581 595 724 659 illas
753 595 1074 677 eeclesiaS,
1119 616 1282 679 quae
1326 594 1493 659 infra
1534 596 1799 660 domum
1830 606 1997 678 sunt,
2040 618 2174 661 non
2206 586 2661 681 egrediantur:
2706 596 2826 660 nisi

421 695 475 759 si
515 714 782 759 necesse
821 695 1036 777 fuerit,
1085 704 1152 758 et
1195 695 1558 784 episcopuS,
1617 704 1726 761 aut
1768 697 1877 781 qui
1918 698 2035 762 sub
2075 696 2221 784 ipso
2262 705 2380 779 est,
2425 695 2826 777 iudicaverit,

419 803 492 859 ut
534 794 648 858 fiat
691 795 867 879 quod
909 795 1198 859 fiendum
1241 805 1360 861 est.
1428 795 1514 889 Et
1534 796 1585 881 ²)
1648 805 1797 883 post
1838 796 2126 860 Tertiam
2175 804 2325 861 tunc
2370 796 2683 883 temporis
2732 818 2826 859 ca-

425 896 701 983 pitulum
742 895 1040 961 habeant.

593 995 659 1059 A
701 996 947 1061 Pascha
1003 1006 1218 1061 autem
1262 1017 1470 1081 usque
1515 996 1597 1060 ad
1640 994 2073 1061 Pentecosten
2112 997 2211 1061 bis
2250 998 2321 1061 in
2362 998 2473 1060 die
2520 996 2833 1077 reficiant,

433 1106 498 1160 et
563 1118 817 1161 carnem
859 1096 1287 1161 manducandi
1329 1097 1653 1161 licentiam
1690 1096 1987 1179 habeant,
2029 1097 2152 1161 nisi
2180 1098 2607 1184 poenitentes,
2650 1116 2831 1182 prae—

423 1205 524 1260 ter
563 1204 809 1261 tantum
851 1205 1036 1261 sexta
1075 1197 1255 1261 feria.
1303 1197 1368 1263 A
1402 1196 1793 1261 Pentecoste
1838 1217 1997 1259 vero
2040 1217 2247 1281 usque
2292 1196 2374 1259 ad
2414 1194 2831 1263 Nativitatem

427 1298 627 1363 sancti
677 1296 935 1361 Ioannis
986 1296 1318 1383 Baptistae
1364 1294 1661 1359 similiter
1712 1295 1813 1360 bis
1848 1294 1917 1359 in
1962 1296 2068 1359 die
2108 1296 2421 1379 reficiant,
2464 1306 2531 1360 et
2570 1320 2607 1359 a
2644 1317 2833 1360 carne

428 1398 788 1463 abstineant
827 1418 1034 1482 usque
1075 1396 1157 1461 ad
1187 1396 1395 1484 ipsam
1424 1396 1710 1460 Missam.
1754 1394 1821 1460 A
1854 1395 2183 1460 nativitate
2228 1418 2387 1461 vero
2422 1396 2620 1461 sancti
2646 1398 2831 1463 Ioan-

426 1500 524 1564 nis
567 1518 773 1583 usque
817 1496 898 1561 ad
942 1497 1278 1561 transitum
1316 1496 1514 1561 sancti
1556 1496 1834 1578 Martini,
1900 1497 1987 1561 ita
2032 1497 2197 1561 sicut
2239 1508 2425 1563 antea
2466 1499 2563 1563 bis
2606 1498 2673 1561 in
2720 1497 2824 1561 die

424 1598 749 1664 reficiant:
795 1606 1037 1682 quarta,
1087 1605 1152 1662 et
1192 1606 1369 1661 sexta
1415 1596 1579 1661 feria
1616 1621 1653 1661 a
1696 1618 1885 1661 carne
1926 1596 2303 1663 abstineant.
2352 1598 2461 1663 Ab
2486 1596 2628 1685 ipso
2674 1619 2832 1661 vero

425 1700 696 1765 transitu
754 1698 954 1763 sancti
993 1696 1252 1762 Martini
1297 1718 1505 1782 usque
1550 1696 1633 1761 ad
1680 1698 1959 1762 natalem
1989 1697 2255 1763 Domini
2297 1722 2335 1763 a
2372 1720 2561 1763 carne
2609 1720 2832 1763 omnes

425 1799 786 1866 abstineant
852 1807 916 1862 et
965 1820 1172 1883 usque
1233 1798 1316 1863 ad
1353 1820 1591 1862 nonam
1638 1797 1926 1862 ieiunent
1990 1799 2285 1865 omnibus
2343 1798 2444 1863 his
2492 1798 2721 1864 diebus
2772 1808 2835 1862 et

427 1904 494 1967 in
557 1898 902 1966 refectorio
967 1898 1276 1962 reficiant.
1380 1897 1539 1962 Post
1578 1897 1879 1963 Natalem
1918 1898 2184 1963 Domini
2249 1918 2455 1983 usque
2512 1898 2579 1962 in
2641 1908 2830 1987 caput

429 2000 1014 2087 Quadragesimae,
1059 1998 1360 2082 secunda,
1406 2007 1472 2062 et
1505 2009 1757 2082 ,quar-ta,
1804 2008 2114 2082 sextaque
2155 1999 2316 2063 feria
2357 1998 2424 2062 in
2470 1999 2815 2063 refectorio

425 2104 508 2169 ad
552 2124 786 2165 nonam
833 2097 1144 2180 reficiant,
1192 2098 1458 2183 reliquis
1505 2098 1605 2162 his
1648 2098 1873 2164 diebus
1918 2099 2165 2163 duabus
2209 2100 2454 2163 vicibus
2492 2100 2559 2163 in
2589 2100 2823 2164 eodem

430 2201 776 2267 refectorio
814 2200 1125 2265 reficiant.
1185 2198 1252 2263 A
1295 2220 1489 2263 carne
1529 2220 1688 2263 vero
1732 2208 1955 2283 quarta
1994 2208 2059 2263 et
2099 2208 2284 2265 sexta
2323 2200 2485 2263 feria
2523 2200 2624 2263 his
2666 2208 2824 2264 tem-

426 2303 692 2392 poribus
747 2300 1123 2383 abstineant.
1206 2298 1293 2363 Et
1353 2299 1406 2363 si
1469 2298 1607 2363 dies
1651 2299 1853 2362 festus
1899 2298 1969 2362 in
2006 2299 2104 2363 his
2162 2299 2407 2364 duabus
2452 2298 2633 2363 feriis
2676 2300 2822 2364 talis

424 2400 694 2482 venerit,
742 2400 792 2465 si
837 2398 1205 2489 permiserit
1249 2396 1448 2487 prior,
1497 2419 1755 2462 carnem
1800 2397 2205 2463 manducent.

590 2498 721 2565 Pro
786 2498 1155 2564 infirmitate
1215 2520 1372 2563 vero
1429 2498 1587 2562 cleri
1642 2498 1846 2562 nostri
1890 2498 2474 2582 consideravimuS,
2546 2509 2619 2565 ut
2660 2502 2713 2566 si
2763 2502 2828 2566 in

425 2609 649 2687 quarta
706 2602 813 2665 vel
870 2608 1052 2664 sexta
1095 2599 1289 2681 feria,
1366 2620 1484 2661 seu
1523 2598 1591 2661 in
1630 2598 1895 2682 reliquis
1944 2598 2082 2663 aliis
2132 2600 2551 2687 temporibuS,
2600 2603 2823 2687 quales

433 2700 874 2766 constituimus
919 2708 992 2764 ut
1031 2723 1066 2764 a
1101 2720 1290 2763 carne
1323 2698 1703 2781 abstineant,
1750 2719 2017 2762 necesse
2064 2708 2179 2782 est,
2223 2699 2548 2764 licentiam
2592 2701 2831 2767 habeat

428 2802 803 2889 episcopua,
845 2808 954 2863 aut
997 2798 1105 2883 qui
1149 2799 1266 2862 sub
1308 2796 1449 2885 ipso
1502 2804 1685 2880 sunt,
1726 2819 1846 2885 pro
1894 2820 2119 2862 eorum
2160 2797 2636 2864 infirmitatibus
2657 2851 2676 2883 ,
2718 2803 2829 2865 vel

425 2899 910 2965 necessitatibus
925 2949 944 2981 ,
1013 2909 1118 2963 aut
1169 2897 1617 2962 festivitatibus
1668 2897 2253 2961 considerationem
2303 2898 2599 2981 mittere,
2663 2900 2830 2964 sicut

426 2988 539 3064 ille
583 3000 979 3088 praeviderit
1022 2999 1198 3085 quod
1237 3000 1406 3064 bene
1450 2998 1551 3062 sit.
2560 3064 2569 3071 ,

593 3098 758 3165 Mihi
812 3109 1027 3165 autem
1089 3098 1567 3185 Angilrhamno
1628 3095 2146 3185 archiepiscopo,
2233 3106 2423 3183 atque
2492 3098 2827 3185 capellano

431 3198 965 3264 excellentissimi
1013 3200 1191 3285 regis
1216 3196 1433 3265 Caroli
1475 3196 1627 3261 addi
1654 3197 1913 3287 placuit,
1958 3196 2106 3281 quia
2151 3197 2303 3261 dum
2345 3221 2462 3263 nos
2510 3207 2577 3262 et
2618 3199 2833 3264 clerus

429 3310 652 3367 noster
693 3325 730 3364 a
775 3298 1161 3363 Pentecoste
1201 3320 1406 3383 usque
1476 3296 1557 3361 ad
1620 3305 1871 3361 octavas
1916 3295 2115 3383 ipsius
2161 3296 2409 3361 Pascha
2452 3296 2831 3379 secundum,
2916 3306 2922 3311 “

427 3401 535 3466 vel
590 3401 938 3466 adventum
981 3398 1264 3489 Spiritus
1327 3398 1527 3463 sancti
1590 3397 1823 3462 devota
1864 3406 2081 3460 mente
2128 3397 2457 3462 celebrare
2500 3396 2823 3477 videmur,

425 3509 498 3565 ut
538 3498 638 3565 his
679 3499 1117 3565 sacratissimis
1167 3507 1310 3564 octo
1356 3496 1583 3563 diebus
1629 3497 1839 3561 clerus
1881 3496 2081 3561 sancti
2106 3494 2421 3585 Stephani
2462 3505 2822 3585 protomar-

427 3600 608 3689 tyris,
651 3601 757 3664 vel
796 3611 1034 3683 noster,
1079 3598 1403 3665 licentiam
1443 3598 1678 3663 habeat
1720 3620 1976 3662 carnem
2019 3596 2287 3679 edendi3
2336 3596 2625 3685 exceptis
2664 3597 2821 3679 illis,

431 3702 540 3787 qui
597 3725 718 3791 pro
779 3700 1164 3789 compendio
1224 3699 1593 3765 animarum
1624 3721 1882 3765 suarum
1927 3705 1993 3762 et
2034 3698 2433 3786 poenitentia
2473 3698 2714 3763 indicta
2760 3718 2829 3761 se

431 3802 752 3867 abstinere
796 3801 1136 3866 voluerint.

983 3950 1144 4039 Cap.
1191 3950 1378 4015 XXI.
1468 3948 1571 4015 De
1612 3953 1847 4018 mensis
1894 3950 2295 4015 ordinandis,

597 4066 815 4131 Prima
858 4089 1081 4133 mensa
1122 4068 1409 4155 episcopi
1455 4090 1599 4132 cum
1639 4067 1999 4155 hospitibus
2048 4076 2115 4131 et
2158 4088 2301 4131 cum
2333 4065 2703 4155 peregrinis
2736 4066 2839 4146 sit,

437 4176 504 4233 et
543 4168 787 4234 ibidem
831 4170 1337 4251 archidiaconus,
1379 4169 1488 4233 vel
1536 4169 1766 4253 quibus
1814 4169 2158 4257 episcopus
2198 4166 2491 4249 iusserit,
2552 4166 2838 4229 sedeant.
2952 4166 2954 4245 3

635 4416 694 4483 1)
730 4416 809 4469 al.
849 4413 926 4467 Et
955 4416 1151 4483 postea
1185 4411 1396 4466 faciant
1433 4411 1591 4479 quod·
1618 4425 1929 4480 congruum
1964 4408 2151 4476 fuerit,
2187 4410 2303 4464 sive
2336 4408 2398 4462 in
2432 4408 2691 4477 legendo,
2726 4408 2842 4462 sive
2950 4478 2952 4481 Α

437 4503 496 4557 in
532 4501 833 4573 operando,
2531 4521 2561 4537 ··
