2959 4984
627 314 846 368 XLVII.
921 269 1405 370 concossnara
1442 315 1849 372 AUSTRIAOA
1890 319 1951 370 A,
1994 314 2151 372 1855.
2486 311 2593 370 281

189 479 764 566 Caesarea-Regia
797 478 1184 568 Apostolica
1223 478 1605 546 Franciscus
1644 479 1977 569 Josephus
2020 479 2077 546 I.
2118 478 2423 546 Austriae
2464 477 2593 544 lm-

189 591 496 670 perator,
543 581 969 647 concordibus
1015 581 1310 646 effecturi
1355 581 1625 665 studiis,
1666 592 1741 648 ut
1782 585 1969 667 fides„
2017 580 2227 669 pietas
2270 588 2339 646 et
2386 579 2591 644 omnis

189 682 368 748 recti
424 682 812 765 honestique
863 681 1055 767 vigor
1109 681 1180 746 in
1223 680 1531 748 Austriae
1570 682 1858 772 Imperio
1910 690 2330 750 conservetur
2372 688 2440 745 et
2482 702 2591 744 au-

191 792 460 870 gescat,
527 783 612 848 de
657 782 994 848 Ecclesiae
1037 783 1388 850 catholicae
1431 793 1599 850 statu
1639 786 1709 850 in
1752 785 1984 852 eodem
2022 783 2311 872 Imperio
2358 781 2591 848 solem-

196 905 358 948 nem
401 883 897 949 conventionem
939 884 1108 949 inire
1155 883 1607 952 decreverunt.

371 987 789 1074 Quapropter
845 984 1300 1052 Sanctissimus
1343 985 1539 1050 Pater
1576 988 1647 1052 in
1690 986 2339 1076 Plenipotentiarium
2384 984 2593 1052 Suum

189 1087 595 1152 nominavitz
659 1085 1256 1152 Eminentissimum
1308 1089 1664 1154 Dominum
1718 1088 2107 1154 Michaelem
2165 1085 2407 1153 Sacrae
2464 1086 2593 1153 Ro-

193 1209 432 1253 manae
474 1187 807 1253 Ecclesiae
849 1187 1320 1274 Presbyterum
1365 1187 1777 1254 Cardinalem
1817 1187 2253 1269 Viale-Prela,
2302 1185 2596 1252 eiusdem

197 1286 580 1355 Sanctitatis
605 1286 780 1354 Suae
807 1297 874 1352 et
896 1287 1170 1354 Sanctae
1193 1287 1390 1356 Sedis
1415 1288 1589 1378 apud
1612 1289 1965 1376 praefatam
1989 1288 2438 1378 Apostolicam
2457 1286 2594 1354 Ma-

188 1391 504 1475 jestatem
545 1388 1042 1473 Pro-Nuntium,
1089 1399 1156 1453 et
1186 1389 1312 1476 Maj
1323 1398 1491 1454 estas
1518 1388 1674 1472 Sua,
1712 1390 2077 1477 Imperator
2107 1387 2417 1454 Austriae
2444 1384 2593 1454 Cel·

193 1489 530 1554 sissimum
566 1490 924 1568 Dominum
966 1491 1014 1558 J
1015 1490 1332 1577 osephum
1375 1489 1763 1557 Othmarum
1806 1489 1889 1555 de
1930 1490 2265 1556 Rauscher
2282 1538 2302 1571 ,
2348 1488 2593 1554 Princi-

191 1611 356 1676 pem
396 1589 982 1679 Archiepiscopum
1016 1590 1480 1673 Viennensem,
1526 1588 1711 1656 Solio
1750 1589 2091 1655 Pontificio
2123 1589 2595 1671 Adsistentem,

199 1687 510 1755 Caesarei
572 1688 900 1755 Austriaci
968 1689 1236 1758 Ordinis
1299 1689 1692 1778 Leopoldini
1755 1690 2127 1755 Praelatum
2193 1699 2260 1754 et
2320 1711 2595 1776 magnae

201 1787 438 1855 Crucis
484 1789 820 1875 Equitem,
884 1813 1008 1856 nec
1051 1814 1183 1856 non
1229 1791 1523 1857 eiusdem
1562 1790 1917 1877 Majestatis
1965 1789 2319 1858 Caesareae
2362 1815 2401 1858 a
2446 1813 2593 1856 con-

202 1889 369 1955 siliis
413 1890 676 1956 intimis

374 1991 506 2074 Qui
567 1999 718 2079 post
769 1991 1278 2080 plenipotentiae
1333 1991 1492 2080 ipsis
1556 1992 1825 2057 collatae
1886 1992 2313 2058 instrumenta
2370 1999 2592 2058 mutuo

199 2090 330 2158 sibi
371 2091 608 2156 tradita
645 2099 838 2176 atque
875 2092 1213 2178 recognita
1257 2091 1340 2156 de
1381 2092 1801 2176 sequentibus
1852 2101 2330 2159 convenerunt:

261 2207 268 2212 ·
372 2191 522 2256 Art.
563 2192 618 2256 Ι.
702 2192 962 2278 Religio
1024 2193 1335 2258 catholica
1383 2192 1763 2280 Apostolica
1804 2194 2095 2260 Romana
2150 2195 2221 2260 in
2278 2203 2415 2260 toto
2459 2194 2597 2260 Au-

201 2291 401 2357 striae
443 2291 732 2381 Imperio
775 2302 843 2357 et
883 2293 1193 2378 singulis,
1257 2293 1491 2380 quibus
1537 2294 1942 2360 constituitur
1984 2295 2365 2378 ditionibus,
2431 2304 2601 2360 sarta

199 2401 372 2458 tecta
416 2393 897 2460 conservabitur
939 2415 1197 2482 semper
1241 2417 1385 2459 cum
1426 2394 1507 2460 iis
1541 2394 1799 2481 juribus
1830 2403 1895 2460 et
1924 2395 2416 2483 praerogativis,
2460 2394 2599 2480 qui-

201 2493 328 2557 bus
369 2492 500 2557 frui
541 2492 740 2558 debet
781 2515 868 2558 ex
911 2493 1042 2559 Dei
1089 2494 1494 2560 ordinatione
1536 2504 1601 2560 et
1636 2494 1957 2560 canonicis
1998 2495 2451 2561 sanctionibus·

377 2592 527 2659 Art.
569 2593 658 2660 II.
745 2592 914 2659 Cum
969 2595 1296 2662 Romanus
1358 2595 1669 2661 Pontifex
1728 2595 2074 2683 primatum
2134 2604 2267 2658 tam
2331 2592 2598 2659 honoris

203 2715 398 2778 quam
427 2694 892 2780 jurisdictionis
933 2696 1004 2760 in
1043 2695 1431 2779 universam,
1479 2718 1607 2780 qua
1646 2696 1777 2761 late
1814 2704 2010 2784 patet,
2054 2694 2413 2760 Ecclesiam
2445 2695 2599 2779 jure

203 2792 426 2858 divino
471 2794 775 2879 obtineat,
817 2795 1314 2884 Episcoporum,
1359 2793 1538 2861 Cleri
1584 2805 1649 2860 et
1676 2795 1904 2883 populi
1936 2803 2157 2860 mutua
2188 2817 2334 2859 cum
2357 2791 2599 2861 Sancta

205 2892 388 2960 Sede
450 2895 940 2961 communicatio
1001 2896 1072 2960 in
1131 2897 1330 2960 rebus
1374 2895 1813 2983 spiritualibus
1863 2904 1931 2960 et
1968 2893 2252 2980 negotiis
2296 2893 2596 2958 ecclesia-

207 2995 382 3060 sticis
419 2995 605 3060 nulli
657 2996 984 3084 placetum
1027 2994 1288 3081 regium
1351 2995 1685 3061 obtinendi
1725 2981 2093 3060 necessitati
2136 2993 2415 3077 suberit,
2478 2992 2599 3058 sed

206 3117 476 3182 prorsus
515 3096 722 3162 libera
763 3095 905 3160 erit.

373 3195 524 3260 Art.
563 3195 689 3260 m.
773 3194 1274 3283 Archiepiscopi
1291 3244 1312 3278 ,
1369 3193 1679 3283 Episcopi
1734 3213 2089 3278 omnesque
2132 3194 2425 3264 locorum
2469 3192 2595 3260 Or-

213 3293 444 3360 dinarii
500 3319 644 3360 cum
689 3294 884 3361 Clero
939 3304 1005 3359 et
1047 3295 1294 3383 populo
1339 3295 1723 3360 dioecesano
1763 3317 1884 3382 pro
1928 3315 2202 3360 munere
2246 3295 2444 3360 officii
2485 3318 2595 3383 pa-

204 3395 460 3460 storalis
503 3395 710 3460 libere
752 3396 1344 3479 communicabunt,
1389 3397 1597 3462 libere
1640 3396 1798 3460 item
1844 3417 1989 3461 suas
2034 3395 2117 3461 de
2154 3398 2351 3462 rebus
2396 3396 2599 3461 eccle-

209 3495 476 3560 siasticis
517 3495 972 3562 instructiones
1019 3506 1086 3563 et
1126 3497 1567 3563 ordinationes
1605 3496 2043 3585 publicabunt.

369 3594 520 3659 Art.
563 3595 683 3661 IV.
769 3597 1302 3687 Archiepiscopis
1335 3607 1400 3662 et
1425 3597 1769 3686 Episcopis
1800 3596 1869 3662 id
1903 3617 2163 3682 quoque
2192 3615 2381 3660 omne
2410 3615 2597 3660 exer-

205 3715 352 3760 cere
411 3694 692 3761 liberum
735 3696 892 3780 erit,
961 3698 1135 3782 quod
1182 3719 1302 3786 pro
1345 3697 1669 3782 regimine
1710 3697 2130 3768 Dioecesium
2174 3694 2311 3758 sive
2356 3714 2445 3759 ex
2486 3692 2597 3758 de-

209 3795 561 3860 claratione
627 3795 764 3861 sive
817 3817 906 3862 ex
963 3785 1385 3884 dispositione
1431 3819 1762 3862 sacrorum
1807 3795 2143 3862 Canonum
2179 3794 2372 3880 juxta
2414 3815 2598 3880 prae-

205 3906 458 3962 sentem
503 3904 570 3961 et
605 3919 644 3960 a
685 3894 922 3963 Sancta
946 3895 1125 3963 Sede
1165 3897 1589 3987 adprobatam
1615 3897 1949 3962 Ecclesiae
1992 3893 2398 3984 disciplinam
2438 3893 2599 3982 ipsis
2697 3897 2705 3904 “

203 3997 530 4086 competit,
575 3997 650 4064 ac
690 3998 1116 4086 praesertim:

365 4098 431 4183 a)
480 4097 774 4164 Vicarios
791 4147 812 4181 ,
881 4097 1296 4164 Consiliarios
1355 4107 1422 4162 et
1461 4098 1793 4184 adjutores
1831 4095 2401 4162 administrationis
2443 4116 2599 4162 suae

205 4199 596 4264 constituere
654 4198 1117 4264 ecclesiasticos
1135 4247 1155 4280 ,
1222 4220 1641 4285 quoscunque
1699 4199 1782 4263 ad
1822 4198 2154 4287 praedicta
2195 4196 2409 4261 officia
2450 4195 2591 4260 ido-

204 4316 358 4361 neos
405 4298 862 4384 judicaverint.

361 4398 432 4483 b)
479 4399 578 4464 At
617 4407 853 4464 statum
895 4399 1260 4465 clericalem
1302 4421 1635 4465 assumere
1684 4407 1750 4464 et
1796 4400 1880 4464 ad
1926 4419 2140 4464 sacros
2188 4397 2451 4464 ordines
2494 4417 2593 4462 se-

207 4499 484 4568 cundum
528 4499 830 4568 Canones
876 4521 1260 4587 promovere
1281 4549 1302 4585 ,
1357 4521 1517 4585 quos
1564 4499 1967 4566 necessarios
2012 4508 2123 4572 aut
2160 4499 2353 4573 utiles
2394 4497 2597 4569 Dioe-
