2959 4984
350 308 457 366 282
774 304 991 357 XLVII.
1064 304 1556 359 CONCORDATA
1591 302 1998 360 AUSTRIAOA
2035 308 2101 359 A.
2135 304 2292 363 1855.

362 478 617 545 cesibus
654 474 788 541 suis
823 473 1292 561 judicaverint,
1337 482 1405 540 et
1446 496 1486 539 e
1529 474 1848 539 contrario
1866 522 1887 558 ,
1931 496 2093 559 quos
2137 474 2450 561 indignos
2495 498 2770 543 censue-

356 578 509 663 rint,
552 603 592 645 a
633 576 1043 665 susceptione
1084 574 1387 639 ordinum
1424 596 1669 641 arcere.

524 678 587 765 c)
628 675 963 743 Beneficia
1022 674 1275 740 minora
1336 674 1596 761 erigere
1655 684 1848 761 atque
1911 676 2158 741 collatis
2227 699 2374 743 cum
2437 678 2768 745 Caesarea

354 779 693 867 Majestate
736 774 1019 842 consiliis
1032 822 1053 859 ,
1116 774 1503 862 praesertim
1551 797 1672 863 pro
1719 776 2130 841 convenienti
2172 778 2510 843 redituum
2555 780 2764 867 assig-

352 880 632 963 natione,
674 875 1021 943 Parochias
1070 874 1429 958 instituere,
1473 875 1768 941 dividere
1807 877 1918 941 vel
1957 877 2169 942 unire.

522 980 595 1065 d)
642 976 1099 1045 Praescribere
1140 995 1373 1063 preces
1417 975 1731 1063 publicas,
1775 976 2030 1061 aliaque
2076 977 2186 1065 pia
2229 1000 2453 1066 opera,
2497 1002 2649 1045 cum
2689 980 2764 1045 id

355 1084 598 1147 bonum
650 1077 985 1145 Ecclesiae
1043 1083 1153 1139 aut
1193 1070 1413 1140 Status
1475 1075 1788 1163 populive
1849 1077 2171 1164 postulet,
2211 1101 2452 1145 -sacras
2510 1081 2764 1168 pariter

355 1179 857 1275 supplicationes
898 1186 963 1243 et
996 1174 1561 1263 peregrinationes
1603 1175 1915 1259 indicere,
1954 1177 2185 1243 funera
2207 1180 2498 1266 aliasque
2526 1202 2762 1248 omnes

354 1302 565 1348 sacras
626 1278 991 1345 functiones
1034 1274 1309 1341 servatis
1350 1275 1565 1360 quoad
1610 1275 1823 1341 omnia
1869 1278 2188 1343 canonicis
2225 1278 2758 1369 praescriptioni-

349 1386 472 1449 bus
514 1378 859 1447 moderari.

519 1480 585 1564 e)
634 1478 1011 1545 Convocare
1068 1484 1137 1542 et
1196 1474 1530 1541 celebrare
1571 1474 1656 1540 ad
1701 1495 2032 1545 sacrorum
2079 1475 2416 1547 Canonum
2457 1502 2760 1545 normam

352 1578 645 1647 Concilia
702 1576 1124 1668 provincialia
1185 1584 1253 1642 et
1294 1574 1481 1662 Syno
1489 1574 1607 1641 dos
1677 1575 2090 1643 dioecesanas
2111 1627 2133 1661 ,
2198 1598 2557 1665 eorumque
2613 1589 2763 1646 acta

358 1682 655 1768 vulgare.

518 1781 669 1847 Art.
704 1778 791 1845 V.
879 1777 1112 1845 Omnis
1161 1774 1527 1863 juventutis
1595 1775 1942 1841 catholicae
2003 1775 2320 1843 institutio
2374 1778 2447 1844 in
2503 1780 2757 1847 cunctis

350 1881 590 1948 scholis
632 1888 766 1945 tam
808 1877 1083 1966 publicis
1128 1899 1324 1962 quam
1358 1875 1628 1965 privatis
1676 1876 2022 1942 conformis
2075 1876 2198 1942 erit
2239 1876 2572 1943 doctrinae
2617 1880 2753 1945 Re-

349 1981 616 2068 ligionis
679 1978 1067 2061 catholicae3
1126 1976 1436 2066 Episcopi
1476 1984 1693 2041 autem
1741 1997 1827 2043 ex
1863 1976 2118 2066 proprii
2160 1976 2504 2065 pastoralis
2553 1978 2760 2045 officii

350 2100 623 2147 munere
688 2079 975 2166 dirigent
1030 2077 1411 2163 religiosam
1444 2076 1804 2161 juventutis
1847 2075 2299 2141 educationem
2337 2076 2410 2141 in
2453 2077 2760 2145 omnibus

348 2180 787 2249 instructionis
854 2177 1015 2245 locis
1074 2186 1140 2244 et
1190 2176 1468 2266 publicis
1527 2184 1594 2241 et
1633 2176 1898 2264 privatis
1941 2186 2133 2263 atque
2175 2176 2534 2262 diligenter
2571 2178 2756 2243 advi-

348 2282 663 2371 gilabunt,
704 2290 778 2346 ut
812 2281 882 2346 in
922 2277 1145 2363 quavis
1186 2276 1502 2343 tradenda
1547 2275 1853 2365 diciplina
1892 2277 2056 2343 nihil
2097 2276 2283 2360 adsit,
2329 2278 2509 2362 quod
2535 2280 2757 2345 catho-

349 2382 513 2449 licae
556 2380 910 2469 Religioni,
960 2398 1343 2462 morumque
1383 2376 1704 2442 honestati
1745 2376 2147 2443 adversetur.

512 2482 659 2548 Art.
703 2482 822 2547 VI.
906 2478 1121 2545 Nemo
1182 2498 1431 2543 sacram
1468 2476 1899 2563 Theologiam
1919 2526 1940 2561 ,
2009 2477 2412 2567 disciplinam
2455 2481 2752 2546 cateche-

350 2582 545 2647 ticam
600 2583 708 2647 vel
752 2578 1117 2665 Religionis
1183 2576 1542 2641 doctrinam
1607 2575 1677 2641 in
1719 2597 2104 2662 quocunque
2143 2577 2439 2649 instituto
2486 2580 2599 2645 vel
2633 2604 2755 2668 pu-

352 2681 521 2747 blico
574 2682 687 2749 vel
736 2680 989 2770 p'rivato
1032 2677 1276 2759 tradet,
1344 2675 1471 2741 nisi
1512 2698 1659 2741 cum
1705 2677 2080 2743 missionem
2120 2687 2259 2743 tum
2299 2680 2754 2747 auctoritatem

356 2780 707 2847 obtinuerit
744 2781 827 2846 ab
868 2778 1192 2866 Episcopo
1237 2776 1626 2841 dioecesano
1643 2825 1665 2859 ,
1717 2776 1898 2841 cuius
1941 2777 2240 2844 eamdem
2275 2801 2592 2847 revocare
2633 2791 2752 2865 est,

352 2879 609 2967 quando
648 2879 717 2944 id
762 2888 1199 2967 opportunum
1244 2876 1587 2941 censuerit.
1631 2876 1886 2941 Publici
1909 2876 2314 2965 Theologiae
2341 2882 2752 2968 professores

354 2990 421 3047 et
461 2979 839 3068 disciplinae
880 2977 1307 3044 catecheticae
1346 2975 1665 3062 magistri,
1707 2985 2051 3065 postquam
2093 3002 2427 3045 sacrorum
2451 2982 2754 3049 Antistes

354 3082 437 3149 de
504 3080 992 3147 candidatorum
1048 3077 1214 3161 fide,
1278 3076 1546 3143 scientia
1585 3099 1661 3141 ac
1698 3076 1938 3164 pietate
1980 3079 2362 3144 sententiam
2405 3103 2597 3147 suam
2641 3103 2758 3147 ex-

352 3180 678 3270 posuerit,
750 3180 1251 3246 nominabuntur
1320 3200 1407 3243 ex
1458 3176 1540 3243 iis
1559 3225 1580 3261 ,
1657 3175 1886 3262 quibus
1932 3176 2216 3243 docendi
2258 3179 2639 3247 missionem
2691 3190 2758 3248 et

357 3280 803 3347 auctoritatem
844 3281 1140 3347 conferre
1180 3286 1477 3367 paratum
1521 3298 1592 3341 se
1635 3277 2025 3343 exhibuerit.
2063 3277 2197 3345 Ubi
2237 3288 2460 3344 autem
2501 3282 2756 3351 theolo-

355 3381 539 3467 gicae
597 3380 914 3445 facultatis
977 3380 1423 3468 professorum
1481 3377 1744 3463 quidam
1783 3380 1863 3443 ab
1905 3377 2232 3468 Episcopo
2274 3380 2357 3444 ad
2403 3378 2758 3447 Seminarii

358 3481 459 3546 sui
517 3480 809 3545 alumnos
864 3480 933 3545 in
978 3478 1343 3565 Theologia
1384 3477 1777 3543 erudiendos
1819 3476 2118 3543 adhiberi
2163 3478 2410 3563 solent,
2469 3481 2544 3546 in
2584 3484 2753 3567 ejus-

350 3581 529 3646 modi
568 3580 973 3669 professores
1016 3601 1343 3665 nunquam
1384 3601 1520 3643 non
1563 3586 1968 3643 assumentur
2007 3578 2172 3663 viri,
2214 3600 2376 3664 quos
2415 3604 2754 3647 sacrorum

351 3682 647 3747 Antistes
712 3681 799 3747 ad
860 3702 1095 3747 munus
1153 3678 1559 3768 praedictum
1600 3678 1972 3743 obeundum
2014 3698 2172 3767 prae
2217 3679 2453 3745 ceteris
2499 3681 2754 3747 habiles

352 3782 695 3849 censuerit.
741 3782 873 3847 Pro
916 3780 1319 3846 examinibus
1364 3800 1611 3861 eorum,
1656 3778 1766 3863 qui
1799 3778 1883 3843 ad
1910 3778 2188 3863 gradum
2220 3778 2510 3845 doctoris
2535 3781 2752 3847 Theo-

344 3882 563 3969 logiae
604 3882 715 3947 vel
760 3903 1091 3947 sacrorum
1136 3879 1474 3944 Canonum
1517 3878 1870 3966 adspirant,
1918 3878 2254 3944 dimidiam
2296 3888 2558 3967 partem
2601 3903 2752 3946 exa-

346 3982 725 4049 minantium
763 3981 1125 4070 Episcopus
1171 3979 1590 4045 dioecesanus
1642 4000 1728 4043 ex
1773 3978 2144 4045 doctoribus
2184 3979 2596 4066 Theologiae
2637 3982 2748 4047 vel

344 4106 675 4149 sacrorum
718 4082 1059 4150 Canon‘um
1100 4080 1465 4146 constituet.

512 4184 660 4248 Art.
703 4182 857 4248 VII.
945 4182 1027 4245 In
1081 4180 1439 4267 gymnasiis
1485 4187 1550 4243 et
1593 4180 1889 4246 omnibus
1907 4228 1927 4261 ,
1995 4201 2152 4264 quas
2199 4182 2450 4247 medias
2495 4194 2747 4268 vocant,

348 4283 584 4348 scholis
639 4306 759 4371 pro
809 4284 1153 4369 juventute
1216 4279 1529 4345 catholica
1586 4279 1917 4345 destinatis
1981 4281 2236 4347 nonnisi
2273 4282 2400 4349 viri
2445 4284 2750 4354 catholici

344 4384 413 4447 in
456 4384 861 4469 professores
904 4404 1021 4449 seu
1067 4380 1412 4465 magistros
1456 4380 1992 4464 nominabuntur,
2066 4390 2132 4447 et
2173 4382 2380 4449 omnis
2430 4384 2754 4451 institutio

346 4480 447 4545 ad·
473 4479 641 4545 vitae
686 4479 1085 4547 Christianae
1128 4481 1350 4565 legem
1401 4479 1701 4545 cordibus
1729 4479 2207 4555 inscribendam
2249 4506 2370 4572 pro
2415 4486 2534 4570 rei,
2581 4508 2752 4572 quae
