2959 4984
488 319 586 373 VI.
647 314 954 371 'REGULA
993 314 1521 371 GBRODOGANGI
1560 315 1891 373 EPISGOPI
1924 316 2303 373 METENSIS.
2530 324 2603 377 25

183 497 500 575 pausetur
525 538 546 571 ,
613 496 680 553 et
741 488 868 553 iam
929 486 1170 573 digesti
1224 486 1308 551 ad
1349 488 1609 572 vigilias
1652 496 1963 573 surg-anta
2031 488 2229 555 finitis
2270 490 2599 555 nocturnis

195 588 418 653 dicant
463 611 727 654 versum
753 586 824 673 ¹),
875 584 1084 673 Kyrie
1123 587 1388 669 eleison,
1429 588 1787 653 orationem
1812 588 2244 670 Dominicam‚
2274 598 2341 653 et
2366 590 2601 657 faciant

189 689 648 771 intervallum3
693 696 970 775 excepto
1002 687 1228 753 diebus
1255 687 1615 753 Dominicis
1642 698 1713 753 et
1732 689 2179 756 festivitatibus
2208 698 2595 773 sanctorum,

187 789 378 854 iuxta
421 790 1006 855 considerationem
1051 788 1372 875 episcopi,
1433 789 1545 853 vel
1584 788 1695 873 qui
1740 791 1861 856 sub
1902 811 1981 855 eo
2030 798 2183 853 sunt
2201 788 2254 875 2)
2273 838 2293 871 ,
2356 789 2426 855 id
2476 800 2596 873 est,

185 890 642 975 quadraginta,
687 890 796 954 vel
841 888 1304 974 quinquaginta
1347 889 1633 976 psalmos
1679 889 1885 977 possit
1899 888 1954 974 ³)
1996 898 2253 957 cantare
2269 940 2289 973 ,
2334 891 2447 974 qui
2468 891 2596 959 hoc

193 987 472 1072 ordinat,
515 998 627 1054 aut
648 1012 794 1055 cum
840 988 899 1053 ei
936 988 1144 1053 visum
1177 989 1376 1052 fuerit
1413 998 1480 1052 et
1519 990 1681 1055 hora
1722 989 2110 1077 permiserit.
2152 989 2241 1055 Et
2282 991 2390 1075 qui
2426 992 2594 1078 psal-

189 1088 428 1154 terium
457 1088 512 1175 4)
532 1138 553 1171 ,
610 1090 719 1153 vel
759 1089 1106 1155 lectionem
1143 1088 1386 1173 aliquid
1430 1089 1733 1175 indigent
1771 1089 2257 1156 meditationem
2278 1091 2333 1175 ⁵)
2392 1091 2593 1155 inser-

183 1188 382 1273 viant,
429 1200 498 1255 et
538 1190 858 1255 meditent
899 1190 966 1254 in
1009 1190 1152 1277 ipso
1196 1188 1536 1254 intervallo
1583 1191 1691 1274 qui
1735 1199 2008 1278 possunt
2051 1212 2319 1278 capere3
2382 1200 2447 1255 et
2488 1192 2598 1277 qui

187 1312 319 1355 non
364 1299 660 1379 possunt,
703 1292 772 1354 in
817 1290 1090 1354 ecclesia
1131 1310 1356 1354 omnes
1403 1298 1515 1353 aut
1554 1298 1830 1374 cantent,
1873 1300 1985 1354 aut
2024 1292 2289 1376 legant3
2356 1302 2421 1357 et
2463 1317 2593 1360 non

181 1400 560 1479 praesumat
618 1389 848 1475 aliquis
892 1388 960 1453 i'n
1005 1388 1148 1477 ipso
1193 1389 1535 1455 intervallo
1596 1389 1915 1473 dormire,
1980 1390 2099 1455 nisi
2142 1390 2517 1459 infirmitate
2536 1396 2591 1480 ⁶)

186 1501 498 1577 cogente,
543 1501 610 1555 et
652 1492 778 1555 hoc
818 1512 938 1579 per
982 1498 1409 1553 commeatum
1450 1488 1725 1555 faciant:
1774 1492 1975 1577 etqui
2006 1491 2193 1556 aliter
2223 1494 2453 1557 fecerit
2480 1514 2594 1559 ex-

187 1592 742 1657 communicetur:
788 1589 1020 1675 reliqui
1065 1611 1288 1655 omnes
1337 1589 1635 1654 ordinem
1674 1590 2041 1676 vigiliarum
2084 1600 2345 1657 teneant
2386 1616 2591 1679 usque

179 1693 262 1756 ad
307 1692 651 1756 matutinas
695 1690 914 1755 dictas.
1007 1690 1188 1756 Hora
1227 1689 1436 1779 prima
1475 1712 1703 1755 omnes
1750 1690 1818 1755 in
1864 1691 2135 1757 ecclesia
2178 1694 2379 1758 sancti
2424 1692 2571 1761 Sto-

188 1793 388 1881 phani
431 1800 694 1857 cantent
729 1790 1024 1880 primam.

185 1940 324 2033 Cap
368 1942 488 2008 VI.
585 1943 666 2008 Ut
726 1966 939 2007 omnes
992 1967 1121 2031 per
1177 1942 1372 2006 horas
1435 1941 1787 2005 canonicas
1831 1941 1923 2005 ad
1962 1940 2257 2029 officium
2304 1939 2595 2005 divinum

1255 2043 1540 2105 veniant.

355 2177 474 2243 Ad
514 2178 740 2243 horam
791 2177 992 2243 divini
1035 2177 1230 2242 officii
1282 2200 1436 2243 mox
1479 2184 1553 2242 ut
1594 2177 1887 2243 auditum
1924 2178 2122 2243 fuerit
2164 2176 2443 2264 signum,
2486 2198 2588 2241 re-

185 2279 354 2345 lictis
399 2277 700 2343 omnibus
751 2278 1090 2363 quaelibet
1127 2277 1372 2343 fuerint
1433 2277 1503 2341 in
1544 2277 1869 2359 manibus,
1932 2278 2043 2362 qui
2088 2278 2180 2343 sic
2225 2277 2590 2365 propinquo

188 2381 270 2446 dc
307 2380 424 2445 illa
469 2379 663 2443 domo
705 2388 854 2443 sunt
909 2378 1154 2443 ibidem
1199 2398 1545 2443 occurrere
1590 2376 1875 2465 possint,
1932 2400 2080 2444 cum
2128 2402 2377 2445 summa
2414 2378 2589 2442 festi-

181 2481 442 2546 natione
485 2479 799 2561 veniant3
846 2488 917 2543 et
957 2479 1013 2545 si
1053 2480 1255 2564 longe
1303 2480 1382 2543 ab
1428 2478 1573 2565 ipsa
1618 2478 1889 2543 eeclesia
1934 2478 2163 2563 aliquis
2212 2480 2439 2562 fuerit,
2504 2480 2593 2545 ita

181 2589 254 2644 ut
293 2579 380 2643 ad
427 2602 594 2667 opus
636 2580 767 2645 Dei
824 2602 947 2667 per
985 2578 1179 2645 horas
1227 2578 1563 2645 canonicas
1631 2600 1973 2645 occurrere
2015 2602 2149 2645 non
2187 2580 2434 2668 possit,
2492 2603 2589 2644 ar-

181 2679 602 2745 chidiaconus
645 2679 735 2744 ita
770 2701 914 2745 esse
963 2679 1312 2767 perpendit
1335 2728 1354 2761 ‚
1397 2688 1552 2763 agat
1596 2701 1759 2767 opus
1800 2677 1933 2743 Dei
1976 2702 2125 2743 cum
2164 2689 2446 2747 tremore
2494 2680 2586 2745 di-

183 2784 330 2849 vino
377 2782 491 2847 ubi
528 2790 682 2846 tunc
713 2779 942 2862 fuerit3
991 2788 1055 2845 et
1080 2779 1458 2869 praevideat
1488 2778 1995 2861 archidiaconuS,
2024 2780 2131 2844 ‘vel
2160 2780 2587 2869 primiceriuS,

180 2884 286 2949 vel
331 2892 551 2949 custos
593 2880 928 2965 ecclesiae,
971 2890 1044 2947 ut
1085 2881 1198 2947 issa
1238 2882 1428 2968 signa
1471 2880 1651 2945 horis
1697 2880 2211 2969 competentibus
2256 2888 2507 2947 sonent.

671 3090 828 3180 Cap.
871 3092 1026 3157 VH.
1115 3089 1218 3155 De
1261 3090 1616 3176 disciplina
1641 3088 1693 3175 ⁷)
1737 3088 2095 3175 psallendi.

347 3221 618 3307 Ubique
666 3222 1314 3288 credimus·divinam
1361 3244 1507 3287 esse
1556 3222 2023 3311 praesentiam,
2073 3233 2138 3287 et
2182 3223 2402 3287 oculos
2448 3224 2585 3288 Do-

188 3323 346 3388 mini
392 3322 716 3411 speculari
757 3324 962 3389 bonos
1007 3333 1073 3387 et
1115 3323 1352 3406 malos3
1417 3322 1699 3387 maxime
1770 3331 1985 3387 tamen
2026 3322 2153 3387 hoc
2197 3323 2335 3388 sine
2378 3322 2591 3409 aliqua

187 3423 590 3489 dubitatione
640 3422 997 3497 credamus,
1044 3446 1189 3488 cum
1225 3422 1308 3488 ad
1353 3446 1514 3509 opus
1560 3422 1848 3487 divinum
1888 3421 2285 3507 adsistimus3
2333 3433 2399 3487 et
2436 3422 2589 3487 ideo

185 3546 443 3611 semper
483 3544 808 3587 memores
849 3522 1048 3589 simus
1096 3524 1271 3609 quod
1315 3523 1403 3587 ait
1457 3524 1820 3611 propheta:
1883 3522 2140 3588 Ser-vite
2184 3523 2469 3588 Domino
2516 3526 2586 3587 in

190 3626 454 3705 timore,
528 3638 590 3688 et
641 3624 966 3687 exsultate
1023 3627 1088 3687 ei
1141 3648 1282 3688 cum
1353 3638 1629 3689 tremore
1686 3622 1952 3707 (Psalm.
1992 3624 2082 3709 2).
2189 3624 2275 3689 Et
2316 3624 2586 3690 iterum:

190 3722 470 3788 Psallite
508 3726 842 3810 sapienter
910 3724 1176 3809 (Psalm.
1217 3724 1350 3811 46).
1432 3724 1563 3807 Et,
1621 3721 1703 3787 In
1768 3738 2113 3809 conspectu
2182 3724 2588 3811 Anyelorum

181 3826 460 3909 psallam
507 3824 634 3888 tibi
671 3824 934 3909 (Psalm.
977 3824 1146 3911 137).
1231 3824 1400 3889 Nam
1444 3823 1498 3889 si
1544 3846 1688 3888 cum
1729 3822 2099 3889 hominibus
2122 3824 2175 3909 ⁸)
2220 3822 2585 3911 potentibus

189 3925 478 3989 volumus
524 3925 742 4009 aliqua
782 3946 1168 4011 suggerere,
1209 3948 1345 3991 non
1385 3924 1855 4011 praesumimus
1892 3924 2016 3991 nisi
2046 3948 2193 3991 cum
2222 3924 2582 3989 humilitate

376 4168 430 4238 1)
465 4170 828 4226 &saltabunt
863 4174 1038 4223 sancti
1073 4172 1132 4223 in
1164 4171 1376 4239 gloria:
1413 4170 1533 4237 aut,
1568 4172 1857 4225 Eoesullont
1895 4172 2033 4226 iusti
2067 4173 2425 4241 incompacta
2453 4173 2577 4228 Dei.

191 4253 408 4310 Deinde.
686 4257 740 4321 2)
780 4257 856 4309 dl.
899 4258 1002 4310 est.
1249 4254 1302 4325 3)
1342 4258 1418 4309 al.
1462 4255 1683 4325 possint
1717 4257 1940 4309 cantare
1980 4256 2282 4311 secundum
2322 4256 2473 4325 quod
2505 4257 2583 4313 vi-

196 4359 304 4395 sum
339 4343 508 4397 fuerit
547 4345 605 4397 et
638 4342 776 4395 hora
808 4342 1142 4411 permiserit.
1319 4342 1375 4411 4)
1413 4346 1489 4397 al.
1532 4338 1789 4411 psalterii
1825 4341 1914 4397 vel
1948 4341 2264 4397 lectionum.
2410 4342 2465 4412 5)
2506 4348 2580 4400 al.

195 4429 532 4485 meditationi
565 4430 898 4483 inserantur.
1123 4430 1178 4497 6)
1213 4433 1289 4484 al.
1327 4447 1492 4499 quem
1526 4428 1821 4483 infirmitas
1862 4430 2032 4499 cogit.
2252 4430 2305 4500 7)
2343 4436 2417 4487 al.
2457 4432 2580 4486 dili-

196 4517 381 4582 gentia.
637 4518 692 4585 8)
727 4520 802 4573 al.
837 4517 1000 4572 bonis
1041 4516 1357 4573 hominibus
1391 4518 1482 4574 vel
1517 4516 1860 4587 potentibus.
