2959 4984
358 311 467 368 518
552 307 850 362 mxm.
922 303 1409 362 consumo
1448 303 1546 365 Dr.
1584 299 2259 356 APPELLATIOMBUS
2294 301 2359 354 Δ.
2403 295 2588 354 1742.-

368 477 543 546 inter
580 493 823 562 graves
864 493 1073 554 curas,
1116 491 1277 556 quas
1314 465 1578 536 assidue
1619 487 1742 555 pro
1771 463 2016 534 Nostro
2055 489 2326 534 munere
2363 467 2785 554 sustinemus,

372 587 707 668 postrema
748 571 865 638 illa
902 593 1037 640 non
1080 579 1217 653 est,
1275 568 1345 634 in
1414 589 1610 653 quam
1650 565 1806 634 totis
1847 565 2094 634 viribus
2137 565 2348 634 Nobis
2405 569 2788 634 incumben-

378 677 535 746 dum
576 695 721 740 esse
765 671 1099 756 ducimus,
1147 679 1223 734 ut
1264 689 1502 756 graves
1543 667 1838 752 nimium,
1887 665 2264 752 diuturnae,
2307 667 2634 752 nulloque
2675 691 2790 732 un-

374 799 571 864 quam
616 784 915 864 tempore
962 769 1369 838 intermissae
1388 766 1890 857 Episcoporum,
1935 767 2346 852 aliorumque
2389 767 2792 834 ordinariam

373 873 919 948 Jurisdictionem
959 871 1339 938 habentium
1380 868 1690 953 querelae
1737 867 2050 932 adversus
2089 867 2346 953 Majora
2383 867 2794 955 Tribunalia‚

380 987 577 1064 atque
616 975 733 1042 illa
776 973 974 1040 etiam
1014 969 1299 1038 Nostrae
1338 969 1674 1036 Romanae
1725 963 1966 1034 Curiae
1990 1016 2011 1051 ,
2057 967 2432 1056 propositae
2454 1017 2476 1050 ,
2521 966 2792 1032 tandem

378 1083 901 1168 compescantur.

557 1178 615 1259 ἓ.
656 1177 715 1242 1.
798 1173 1041 1242 Intimo
1082 1168 1405 1258 siquidem
1452 1167 1654 1234 animi
1693 1167 1920 1236 Nostri
1963 1187 2296 1251 moerore,
2361 1189 2520 1236 cum
2561 1169 2638 1233 in
2682 1167 2795 1232 ini-

382 1277 653 1346 noribus
692 1273 907 1342 adhuc
952 1293 1260 1355 essemus,
1293 1267 1544 1355 jamdiu
1573 1267 2042 1353 intelleximus,
2085 1269 2437 1357 plerosque
2460 1267 2800 1334 Locorum

386 1375 777 1448 ordinarios
822 1369 1177 1458 conqueri,
1224 1367 1465 1434 sensim
1509 1367 1784 1434 abusum
1825 1366 2168 1456 irrepsisse
2188 1419 2210 1452 ,
2257 1366 2435 1454 quod
2476 1365 2573 1432 ad
2619 1367 2800 1432 mali-

382 1480 621 1548 tiosam
658 1472 1022 1566 petentium
1064 1468 1600 1556 suggestionem,
1665 1487 1706 1532 a
1747 1465 2146 1534 Patriarchis
2160 1518 2181 1552 ,
2244 1467 2800 1558 Metropolitanis‚

385 1577 669 1648 Sanctae
712 1571 907 1642 Sedis
952 1593 991 1636 a
1031 1569 1238 1634 latere
1281 1565 1573 1655 Legatis,
1617 1576 1686 1632 et
1733 1566 2006 1633 diversis
2055 1565 2270 1634 dictae
2299 1567 2652 1634 Romanae
2681 1567 2802 1637 Ou-

384 1677 524 1744 riae
564 1672 937 1754 Judicibus,
974 1668 1407 1736 Inhibitiones
1448 1667 1592 1734 sine
1639 1666 1901 1734 delectu
1945 1665 2218 1752 Causae,
2261 1677 2330 1734 et
2371 1669 2496 1754 rei,
2547 1667 2637 1733 de
2683 1690 2804 1752 qua

382 1777 625 1864 agitur,
671 1770 993 1853 examine,
1038 1768 1282 1858 passim
1322 1766 1802 1850 concedantur3
1863 1765 1953 1832 Et
1995 1767 2291 1852 quamvis
2337 1767 2408 1832 in
2451 1789 2654 1833 more
2694 1791 2800 1856 po-

384 1875 585 1942 situm
622 1872 729 1956 sit,
777 1869 985 1936 dictas
1024 1867 1457 1934 Inhibitiones
1497 1865 1789 1933 indebite
1833 1865 2173 1955 expeditas
2219 1890 2340 1956 pro
2384 1887 2638 1938 causae
2673 1889 2798 1933 me-

384 1976 531 2044 ritis
572 1970 895 2054 revocari,
936 1977 1003 2034 et
1043 1967 1335 2050 aboleri3
1386 1964 1758 2032 remedium
1795 1976 2017 2034 tamen
2057 1966 2307 2033 inflicto
2355 1968 2630 2034 vulneri
2675 1991 2802 2034 non

383 2076 541 2144 satis
586 2092 729 2140 esse
774 2069 1036 2154 dicunt,
1073 2090 1227 2134 cum
1266 2067 1522 2134 interea
1564 2077 1863 2156 oporteat
1899 2065 2306 2156 Episcopus,
2369 2067 2678 2154 aliosque
2719 2069 2806 2136 in·

383 2175 661 2242 seriores
698 2169 997 2254 Judices,
1032 2168 1101 2232 in
1142 2168 1287 2256 ipso
1331 2189 1694 2252 causarum,
1739 2177 1804 2232 et
1825 2165 2248 2236 Judiciorum
2289 2191 2516 2253 cursu,
2561 2171 2804 2236 otiosos

382 2271 740 2358 immorari,
773 2273 883 2359 jus
926 2291 1117 2338 suum
1146 2267 1556 2355 judicialiter
1581 2287 1902 2352 asserere,
1945 2276 2012 2333 et
2035 2267 2400 2354 vindicare,
2445 2279 2520 2334 et
2547 2269 2639 2334 ad
2658 2292 2804 2335 con-

386 2373 695 2442 tinendos
738 2373 809 2438 in
852 2369 1074 2438 officio
1097 2369 1387 2460 Populos
1426 2370 1660 2456 gravia
1698 2390 1898 2456 saepe
1941 2368 2380 2454 incommoda,
2427 2379 2496 2436 et
2547 2370 2801 2459 dispen-

387 2473 497 2545 ω
538 2474 783 2654 Εὲιῗὴέἐῗθ.
800 2566 858 2634 Ε
904 2566 1231 2634 contrario
1275 2563 1488 2632 Nobis
1533 2585 1791 2652 quoque
1812 2614 1839 2649 ,
1891 2563 2050 2630 dum
2093 2563 2291 2631 etiam
2325 2565 2397 2632 in
2437 2570 2799 2637 minoribus

385 2693 697 2756 essemus,
742 2665 1177 2758 Superiorum
1222 2664 1542 2735 Judicum
1586 2665 2046 2754 responsiones
2083 2663 2314 2732 audire
2357 2669 2672 2757 contigit,
2709 2693 2800 2736 as·

388 2770 767 2855 serentium,
806 2776 1197 2835 memoratas
1239 2766 1537 2852 querelas
1583 2766 1812 2832 inanes
1852 2785 2016 2850 esse,
2057 2786 2182 2832 nec
2204 2765 2327 2832 ulli
2365 2768 2636 2836 innixas
2663 2771 2799 2835 fun-

390 2873 718 2955 damento,
758 2879 989 2959 utpote
1032 2889 1121 2934 ex
1158 2867 1286 2933 hac
1331 2867 1528 2932 unica
1569 2887 1646 2932 re
1679 2889 1959 2948 causam,
1998 2875 2071 2932 et
2106 2866 2438 2952 originem
2463 2869 2802 2953 habentes,

394 2972 570 3060 quod
610 2967 1028 3038 inferioribus
1068 2987 1273 3054 grave
1322 2975 1421 3034 est
1460 2964 1876 3036 obedientiae
1901 3017 1922 3051 ,
1983 2988 2062 3032 ac
2101 2966 2532 3053 subjectionis
2568 2972 2799 3056 jugum

393 3095 555 3160 erga
594 3073 843 3158 majora
880 3067 1297 3152 Tribunalia,
1362 3066 1655 3155 ipsisque
1709 3067 1902 3132 nimis
1947 3065 2252 3156 displicet
2267 3117 2290 3150 ,
2349 3067 2480 3134 sibi
2527 3069 2797 3136 subditis

393 3169 855 3262 appellationis
898 3167 1219 3236 beneficio
1267 3167 1586 3234 succurri.

562 3273 621 3354 ἓ.
664 3271 725 3336 3.
808 3267 1016 3336 Porro
1063 3290 1215 3334 cum
1252 3267 1447 3332 facile
1487 3267 1652 3332 haec
1691 3265 1958 3332 dissidia
2019 3268 2368 3356 componi,
2437 3279 2508 3334 et
2547 3292 2797 3338 sucere-

401 3369 647 3438 scentia
687 3369 903 3438 litium
944 3369 1193 3434 semina
1236 3367 1435 3435 avelli
1469 3363 1755 3457 possint3
1811 3366 1876 3436 si
1896 3416 1918 3452 ,
1981 3387 2147 3452 quae
2185 3393 2226 3434 a
2274 3365 2488 3436 Sacra
2531 3371 2799 3438 Triden-

394 3471 532 3539 tina
577 3468 853 3556 Synodo
874 3519 899 3554 ,
957 3469 1037 3534 ab
1080 3467 1485 3558 Apostolicis
1533 3463 2120 3534 Constitutionibus
2135 3520 2159 3554 ,
2217 3475 2284 3533 et
2328 3466 2801 3557 Congregatio-

400 3594 559 3636 num
587 3569 897 3639 Decretis
941 3567 1217 3660 provide
1264 3567 1514 3633 sancita
1554 3576 1728 3652 sunt,
1775 3567 2034 3636 debitae
2079 3569 2458 3636 executioni
2496 3572 2800 3638 manden-

403 3680 558 3736 tur:
617 3667 757 3735 Nos
817 3669 1068 3736 idcirco
1128 3669 1213 3734 ad
1257 3670 1771 3736 conservandam
1818 3669 2158 3736 Ecclesiae
2206 3669 2667 3760 disciplinam,
2708 3693 2800 3738 re·

405 3768 929 3855 stituendamque
986 3769 1445 3836 Tribunalibus
1505 3771 1782 3836 formam
1845 3769 2096 3836 eisdem
2150 3773 2476 3840 canonicis
2550 3776 2800 3866 legibus

284 3951 291 3956 1
404 3877 924 3956 consentaneam,
964 3891 1086 3960 pro
1132 3868 1383 3936 credito
1425 3869 1638 3937 Nobis
1683 3869 2109 3962 Apostolicae
2159 3873 2494 3940 servitutis
2544 3874 2800 3958 Officio,

403 3977 775 4061 opportune
816 3969 1125 4036 duximus
1170 3969 1664 4038 consulendum.
2105 4053 2113 4060 ἡ

574 4071 635 4151 ἓ.
676 4067 739 4134 4.
821 4070 1251 4136 Inhaerentes
1288 4071 1510 4156 itaque
1551 4071 1860 4139 Decretis
1914 4072 2207 4159 ejusdem
2269 4071 2464 4142 Sacri
2508 4073 2800 4158 Concilii,

399 4191 658 4235 necnon
702 4168 1253 4260 Congregationis
1298 4169 1808 4261 Episcoporum,
1855 4183 1922 4238 et
1961 4173 2395 4260 Regularium
2414 4227 2436 4260 ,
2475 4177 2703 4262 jussu,
2739 4183 2798 4239 et

404 4270 874 4357 approbatione
938 4293 1072 4338 rec.
1144 4294 1339 4338 mem.
1399 4271 1760 4340 Clementis
1811 4273 1944 4338 PP.
2003 4271 2194 4340 VIIL
2269 4271 2798 4342 Praedecessoris

404 4365 635 4434 Nostri
672 4367 831 4446 alias
874 4369 1067 4437 editis
1109 4372 1215 4441 die
1246 4371 1432 4440 XVI.
1460 4372 1769 4441 Octobris
1811 4371 2076 4458 MDO.;
2117 4373 2419 4461 Itemque
2462 4375 2611 4442 aliis
2641 4373 2796 4444 Con-

404 4466 809 4548 gregationis
852 4470 1288 4558 particularis,
1320 4477 1509 4562 jussu
1553 4476 1801 4565 pariter
1815 4527 1838 4562 ,
1899 4485 1969 4544 et
2006 4476 2482 4566 approbatione
2515 4477 2629 4546 fol.
2669 4495 2795 4542 rec.
