<?xml version="1.0" encoding="UTF-8"?>
<!DOCTYPE html PUBLIC "-//W3C//DTD XHTML 1.0 Transitional//EN"
    "http://www.w3.org/TR/xhtml1/DTD/xhtml1-transitional.dtd">
<html xmlns="http://www.w3.org/1999/xhtml" xml:lang="en" lang="en">
 <head>
  <title>
</title>
<meta http-equiv="Content-Type" content="text/html;charset=utf-8" />
  <meta name='ocr-system' content='tesseract 3.04.00' />
  <meta name='ocr-capabilities' content='ocr_page ocr_carea ocr_par ocr_line ocrx_word'/>
</head>
<body>
  <div class='ocr_page' id='page_1' title='image "./fontesiuriseccl00waltgoog_0513.png"; bbox 0 0 2959 4984; ppageno 0'>
   <div class='ocr_carea' id='block_1_1' title="bbox 651 259 2516 323">
    <p class='ocr_par' dir='ltr' id='par_1_1' title="bbox 651 259 2516 323">
     <span class='ocr_line' id='line_1_1' title="bbox 651 259 2516 323; baseline 0.003 -6"><span class='ocrx_word' id='word_1_1' title='bbox 651 265 897 320; x_wconf 75' lang='lat' dir='ltr'><strong>Lxxlx.</strong></span> <span class='ocrx_word' id='word_1_2' title='bbox 971 264 1320 323; x_wconf 56' lang='lat' dir='ltr'><strong>artemam</strong></span> <span class='ocrx_word' id='word_1_3' title='bbox 1357 259 1937 319; x_wconf 69' lang='lat' dir='ltr'><strong>OANOELLARIAE.</strong></span> <span class='ocrx_word' id='word_1_4' title='bbox 2404 266 2516 323; x_wconf 72' lang='lat'><strong>493</strong></span> 
     </span>
    </p>
   </div>
   <div class='ocr_carea' id='block_1_2' title="bbox 121 427 2539 4549">
    <p class='ocr_par' dir='ltr' id='par_1_2' title="bbox 121 427 2515 619">
     <span class='ocr_line' id='line_1_2' title="bbox 121 427 2515 517; baseline 0 -20"><span class='ocrx_word' id='word_1_5' title='bbox 121 428 300 516; x_wconf 71' lang='lat' dir='ltr'><strong>gnari</strong></span> <span class='ocrx_word' id='word_1_6' title='bbox 322 477 348 514; x_wconf 84' lang='lat'><strong>,</strong></span> <span class='ocrx_word' id='word_1_7' title='bbox 387 428 498 502; x_wconf 62' lang='lat' dir='ltr'><strong>vel</strong></span> <span class='ocrx_word' id='word_1_8' title='bbox 537 430 698 501; x_wconf 74' lang='lat' dir='ltr'><strong>alias</strong></span> <span class='ocrx_word' id='word_1_9' title='bbox 742 428 977 499; x_wconf 87' lang='lat' dir='ltr'><strong>dimitti</strong></span> <span class='ocrx_word' id='word_1_10' title='bbox 1011 428 1362 515; x_wconf 79' lang='lat' dir='ltr'><strong>eontigerit</strong></span> <span class='ocrx_word' id='word_1_11' title='bbox 1381 473 1404 512; x_wconf 91' lang='lat'><strong>,</strong></span> <span class='ocrx_word' id='word_1_12' title='bbox 1455 451 1611 497; x_wconf 85' lang='lat' dir='ltr'><strong>cum</strong></span> <span class='ocrx_word' id='word_1_13' title='bbox 1650 427 1807 495; x_wconf 85' lang='lat' dir='ltr'><strong>inde</strong></span> <span class='ocrx_word' id='word_1_14' title='bbox 1852 428 2145 515; x_wconf 80' lang='lat' dir='ltr'><strong>sequutis</strong></span> <span class='ocrx_word' id='word_1_15' title='bbox 2190 450 2311 517; x_wconf 88' lang='lat' dir='ltr'><strong>pro</strong></span> <span class='ocrx_word' id='word_1_16' title='bbox 2352 438 2515 497; x_wconf 86' lang='lat' dir='ltr'><strong>tem-</strong></span> 
     </span>
     <span class='ocr_line' id='line_1_3' title="bbox 125 528 2378 619; baseline -0 -22"><span class='ocrx_word' id='word_1_17' title='bbox 125 553 272 619; x_wconf 83' lang='lat' dir='ltr'><strong>pore</strong></span> <span class='ocrx_word' id='word_1_18' title='bbox 311 530 446 613; x_wconf 84' lang='lat' dir='ltr'><strong>sint</strong></span> <span class='ocrx_word' id='word_1_19' title='bbox 485 553 726 617; x_wconf 83' lang='lat' dir='ltr'><strong>cassae,</strong></span> <span class='ocrx_word' id='word_1_20' title='bbox 769 540 834 597; x_wconf 87' lang='lat' dir='ltr'><strong>et</strong></span> <span class='ocrx_word' id='word_1_21' title='bbox 873 530 1120 613; x_wconf 80' lang='lat' dir='ltr'><strong>irritae,</strong></span> <span class='ocrx_word' id='word_1_22' title='bbox 1161 530 1537 615; x_wconf 77' lang='lat' dir='ltr'><strong>nulliusque</strong></span> <span class='ocrx_word' id='word_1_23' title='bbox 1576 528 1855 613; x_wconf 87' lang='lat' dir='ltr'><strong>roboris,</strong></span> <span class='ocrx_word' id='word_1_24' title='bbox 1894 528 2005 595; x_wconf 83' lang='lat' dir='ltr'><strong>vel</strong></span> <span class='ocrx_word' id='word_1_25' title='bbox 2046 531 2378 598; x_wconf 80' lang='lat' dir='ltr'><strong>momenti.</strong></span> 
     </span>
    </p>

    <p class='ocr_par' dir='ltr' id='par_1_3' title="bbox 125 629 2529 2212">
     <span class='ocr_line' id='line_1_4' title="bbox 281 629 2521 721; baseline 0.001 -24"><span class='ocrx_word' id='word_1_26' title='bbox 281 632 342 715; x_wconf 66' lang='grc' dir='ltr'><strong>ξ.</strong></span> <span class='ocrx_word' id='word_1_27' title='bbox 391 630 498 699; x_wconf 76' lang='grc'><strong>27.</strong></span> <span class='ocrx_word' id='word_1_28' title='bbox 585 632 754 697; x_wconf 86' lang='lat' dir='ltr'><strong>Item</strong></span> <span class='ocrx_word' id='word_1_29' title='bbox 793 654 938 697; x_wconf 86' lang='lat' dir='ltr'><strong>cum</strong></span> <span class='ocrx_word' id='word_1_30' title='bbox 1001 639 1150 695; x_wconf 87' lang='lat' dir='ltr'><strong>ante</strong></span> <span class='ocrx_word' id='word_1_31' title='bbox 1189 630 1663 697; x_wconf 76' lang='lat' dir='ltr'><strong>confectionem</strong></span> <span class='ocrx_word' id='word_1_32' title='bbox 1719 629 2056 697; x_wconf 87' lang='lat' dir='ltr'><strong>literarum</strong></span> <span class='ocrx_word' id='word_1_33' title='bbox 2117 630 2329 717; x_wconf 82' lang='lat' dir='ltr'><strong>gratia</strong></span> <span class='ocrx_word' id='word_1_34' title='bbox 2368 654 2521 721; x_wconf 87' lang='lat' dir='ltr'><strong>apo—</strong></span> 
     </span>
     <span class='ocr_line' id='line_1_5' title="bbox 125 728 2523 815; baseline -0 -16"><span class='ocrx_word' id='word_1_35' title='bbox 125 733 339 799; x_wconf 86' lang='lat' dir='ltr'><strong>stolica</strong></span> <span class='ocrx_word' id='word_1_36' title='bbox 393 732 482 799; x_wconf 86' lang='lat' dir='ltr'><strong>sit</strong></span> <span class='ocrx_word' id='word_1_37' title='bbox 525 732 856 815; x_wconf 78' lang='lat' dir='ltr'><strong>informis,</strong></span> <span class='ocrx_word' id='word_1_38' title='bbox 916 730 1144 814; x_wconf 78' lang='lat' dir='ltr'><strong>voluit,</strong></span> <span class='ocrx_word' id='word_1_39' title='bbox 1197 730 1454 815; x_wconf 84' lang='lat' dir='ltr'><strong>statuit,</strong></span> <span class='ocrx_word' id='word_1_40' title='bbox 1510 738 1577 795; x_wconf 91' lang='lat' dir='ltr'><strong>et</strong></span> <span class='ocrx_word' id='word_1_41' title='bbox 1618 728 1943 797; x_wconf 84' lang='lat' dir='ltr'><strong>ordinavit</strong></span> <span class='ocrx_word' id='word_1_42' title='bbox 1978 730 2157 797; x_wconf 88' lang='lat' dir='ltr'><strong>idem</strong></span> <span class='ocrx_word' id='word_1_43' title='bbox 2196 731 2523 799; x_wconf 81' lang='lat' dir='ltr'><strong>Dominus</strong></span> 
     </span>
     <span class='ocr_line' id='line_1_6' title="bbox 127 830 2517 921; baseline -0 -18"><span class='ocrx_word' id='word_1_44' title='bbox 127 834 395 919; x_wconf 78' lang='lat' dir='ltr'><strong>Noster,</strong></span> <span class='ocrx_word' id='word_1_45' title='bbox 453 832 632 920; x_wconf 78' lang='lat' dir='ltr'><strong>quod</strong></span> <span class='ocrx_word' id='word_1_46' title='bbox 667 832 929 919; x_wconf 83' lang='lat' dir='ltr'><strong>judices</strong></span> <span class='ocrx_word' id='word_1_47' title='bbox 969 831 1040 897; x_wconf 90' lang='lat' dir='ltr'><strong>in</strong></span> <span class='ocrx_word' id='word_1_48' title='bbox 1083 854 1352 897; x_wconf 81' lang='lat' dir='ltr'><strong>romana</strong></span> <span class='ocrx_word' id='word_1_49' title='bbox 1396 830 1611 914; x_wconf 87' lang='lat' dir='ltr'><strong>curia,</strong></span> <span class='ocrx_word' id='word_1_50' title='bbox 1666 839 1733 895; x_wconf 90' lang='lat' dir='ltr'><strong>et</strong></span> <span class='ocrx_word' id='word_1_51' title='bbox 1772 839 1959 897; x_wconf 80' lang='lat' dir='ltr'><strong>extra</strong></span> <span class='ocrx_word' id='word_1_52' title='bbox 2006 852 2151 897; x_wconf 89' lang='lat' dir='ltr'><strong>eam</strong></span> <span class='ocrx_word' id='word_1_53' title='bbox 2195 855 2317 921; x_wconf 88' lang='lat' dir='ltr'><strong>pro</strong></span> <span class='ocrx_word' id='word_1_54' title='bbox 2358 842 2517 902; x_wconf 86' lang='lat' dir='ltr'><strong>tem-</strong></span> 
     </span>
     <span class='ocr_line' id='line_1_7' title="bbox 127 928 2523 1023; baseline -0.002 -22"><span class='ocrx_word' id='word_1_55' title='bbox 127 956 274 1023; x_wconf 80' lang='lat' dir='ltr'><strong>pore</strong></span> <span class='ocrx_word' id='word_1_56' title='bbox 315 936 697 1019; x_wconf 69' lang='lat' dir='ltr'><strong>existentes,</strong></span> <span class='ocrx_word' id='word_1_57' title='bbox 738 933 994 1002; x_wconf 76' lang='lat' dir='ltr'><strong>etiamsi</strong></span> <span class='ocrx_word' id='word_1_58' title='bbox 1039 932 1170 1000; x_wconf 76' lang='lat' dir='ltr'><strong>sint</strong></span> <span class='ocrx_word' id='word_1_59' title='bbox 1211 928 1285 999; x_wconf 83' lang='lat' dir='ltr'><strong>S.</strong></span> <span class='ocrx_word' id='word_1_60' title='bbox 1332 930 1412 999; x_wconf 85' lang='lat' dir='ltr'><strong>R.</strong></span> <span class='ocrx_word' id='word_1_61' title='bbox 1451 930 1531 997; x_wconf 85' lang='lat' dir='ltr'><strong>E.</strong></span> <span class='ocrx_word' id='word_1_62' title='bbox 1572 929 1955 997; x_wconf 70' lang='lat' dir='ltr'><strong>cardinales</strong></span> <span class='ocrx_word' id='word_1_63' title='bbox 1964 978 1987 1014; x_wconf 94' lang='lat'><strong>,</strong></span> <span class='ocrx_word' id='word_1_64' title='bbox 2028 953 2363 999; x_wconf 80' lang='lat' dir='ltr'><strong>causarum</strong></span> <span class='ocrx_word' id='word_1_65' title='bbox 2410 958 2523 1023; x_wconf 80' lang='lat' dir='ltr'><strong>pa—</strong></span> 
     </span>
     <span class='ocr_line' id='line_1_8' title="bbox 127 1031 2519 1123; baseline -0.001 -19"><span class='ocrx_word' id='word_1_66' title='bbox 127 1035 252 1104; x_wconf 97' lang='grc' dir='ltr'>13ὴί</span> <span class='ocrx_word' id='word_1_67' title='bbox 287 1035 628 1123; x_wconf 82' lang='lat' dir='ltr'><strong>apostolici</strong></span> <span class='ocrx_word' id='word_1_68' title='bbox 671 1034 1005 1102; x_wconf 69' lang='lat' dir='ltr'><strong>auditores,</strong></span> <span class='ocrx_word' id='word_1_69' title='bbox 1023 1082 1048 1117; x_wconf 86' lang='lat'><strong>,</strong></span> <span class='ocrx_word' id='word_1_70' title='bbox 1100 1032 1210 1100; x_wconf 87' lang='lat' dir='ltr'><strong>vel</strong></span> <span class='ocrx_word' id='word_1_71' title='bbox 1269 1032 1662 1119; x_wconf 75' lang='lat' dir='ltr'><strong>quicumque</strong></span> <span class='ocrx_word' id='word_1_72' title='bbox 1716 1031 1826 1097; x_wconf 85' lang='lat' dir='ltr'><strong>alii</strong></span> <span class='ocrx_word' id='word_1_73' title='bbox 1872 1054 2005 1098; x_wconf 87' lang='lat' dir='ltr'><strong>non</strong></span> <span class='ocrx_word' id='word_1_74' title='bbox 2036 1033 2231 1119; x_wconf 82' lang='lat' dir='ltr'><strong>juxta</strong></span> <span class='ocrx_word' id='word_1_75' title='bbox 2274 1034 2519 1123; x_wconf 83' lang='lat' dir='ltr'><strong>suppli-</strong></span> 
     </span>
     <span class='ocr_line' id='line_1_9' title="bbox 129 1132 2523 1223; baseline -0.001 -20"><span class='ocrx_word' id='word_1_76' title='bbox 129 1136 440 1203; x_wconf 75' lang='lat' dir='ltr'><strong>cationum</strong></span> <span class='ocrx_word' id='word_1_77' title='bbox 501 1134 904 1222; x_wconf 63' lang='lat' dir='ltr'><strong>signaturam</strong></span> <span class='ocrx_word' id='word_1_78' title='bbox 929 1182 950 1217; x_wconf 94' lang='lat'><strong>,</strong></span> <span class='ocrx_word' id='word_1_79' title='bbox 1003 1154 1206 1223; x_wconf 85' lang='lat' dir='ltr'><strong>super</strong></span> <span class='ocrx_word' id='word_1_80' title='bbox 1243 1132 1577 1217; x_wconf 79' lang='lat' dir='ltr'><strong>quibusvis</strong></span> <span class='ocrx_word' id='word_1_81' title='bbox 1634 1132 2193 1221; x_wconf 77' lang='lat' dir='ltr'><strong>impetrationibus</strong></span> <span class='ocrx_word' id='word_1_82' title='bbox 2261 1134 2415 1220; x_wconf 88' lang='lat' dir='ltr'><strong>(nisi</strong></span> <span class='ocrx_word' id='word_1_83' title='bbox 2452 1134 2523 1201; x_wconf 91' lang='lat' dir='ltr'><strong>in</strong></span> 
     </span>
     <span class='ocr_line' id='line_1_10' title="bbox 131 1231 2523 1319; baseline 0 -18"><span class='ocrx_word' id='word_1_84' title='bbox 131 1236 308 1305; x_wconf 85' lang='lat' dir='ltr'><strong>dicta.</strong></span> <span class='ocrx_word' id='word_1_85' title='bbox 329 1236 514 1304; x_wconf 88' lang='lat' dir='ltr'><strong>curia</strong></span> <span class='ocrx_word' id='word_1_86' title='bbox 551 1236 890 1311; x_wconf 78' lang='lat' dir='ltr'><strong>dumtaxat</strong></span> <span class='ocrx_word' id='word_1_87' title='bbox 945 1233 1074 1301; x_wconf 85' lang='lat' dir='ltr'><strong>sint</strong></span> <span class='ocrx_word' id='word_1_88' title='bbox 1127 1232 1617 1299; x_wconf 73' lang='lat' dir='ltr'><strong>commissiones</strong></span> <span class='ocrx_word' id='word_1_89' title='bbox 1674 1231 1993 1319; x_wconf 87' lang='lat' dir='ltr'><strong>justitiam</strong></span> <span class='ocrx_word' id='word_1_90' title='bbox 2054 1244 2523 1303; x_wconf 85' lang='lat' dir='ltr'><strong>concernentes</strong></span> 
     </span>
     <span class='ocr_line' id='line_1_11' title="bbox 131 1331 2524 1426; baseline 0 -24"><span class='ocrx_word' id='word_1_91' title='bbox 131 1359 238 1425; x_wconf 89' lang='lat' dir='ltr'><strong>per</strong></span> <span class='ocrx_word' id='word_1_92' title='bbox 277 1336 540 1426; x_wconf 83' lang='lat' dir='ltr'><strong>placet,</strong></span> <span class='ocrx_word' id='word_1_93' title='bbox 599 1336 710 1405; x_wconf 82' lang='lat' dir='ltr'><strong>vel</strong></span> <span class='ocrx_word' id='word_1_94' title='bbox 748 1356 872 1424; x_wconf 77' lang='lat' dir='ltr'><strong>per</strong></span> <span class='ocrx_word' id='word_1_95' title='bbox 913 1334 988 1403; x_wconf 86' lang='lat' dir='ltr'><strong>S.</strong></span> <span class='ocrx_word' id='word_1_96' title='bbox 1031 1334 1110 1403; x_wconf 87' lang='lat' dir='ltr'><strong>R.</strong></span> <span class='ocrx_word' id='word_1_97' title='bbox 1157 1332 1235 1399; x_wconf 84' lang='lat' dir='ltr'><strong>E.</strong></span> <span class='ocrx_word' id='word_1_98' title='bbox 1272 1331 1879 1399; x_wconf 79' lang='lat' dir='ltr'><strong>vicecancellarium</strong></span> <span class='ocrx_word' id='word_1_99' title='bbox 1917 1334 2111 1421; x_wconf 84' lang='lat' dir='ltr'><strong>juxta</strong></span> <span class='ocrx_word' id='word_1_100' title='bbox 2150 1335 2524 1403; x_wconf 72' lang='lat' dir='ltr'><strong>facultatem</strong></span> 
     </span>
     <span class='ocr_line' id='line_1_12' title="bbox 129 1433 2521 1527; baseline -0 -22"><span class='ocrx_word' id='word_1_101' title='bbox 129 1460 312 1527; x_wconf 83' lang='lat' dir='ltr'><strong>super</strong></span> <span class='ocrx_word' id='word_1_102' title='bbox 351 1439 486 1512; x_wconf 73' lang='lat' dir='ltr'><strong>hoc</strong></span> <span class='ocrx_word' id='word_1_103' title='bbox 525 1437 648 1505; x_wconf 83' lang='lat' dir='ltr'><strong>sibi</strong></span> <span class='ocrx_word' id='word_1_104' title='bbox 693 1458 1068 1507; x_wconf 71' lang='lat' dir='ltr'><strong>concessam</strong></span> <span class='ocrx_word' id='word_1_105' title='bbox 1121 1434 1448 1521; x_wconf 80' lang='lat' dir='ltr'><strong>signatae)</strong></span> <span class='ocrx_word' id='word_1_106' title='bbox 1510 1433 1631 1499; x_wconf 89' lang='lat' dir='ltr'><strong>sed</strong></span> <span class='ocrx_word' id='word_1_107' title='bbox 1674 1434 1867 1519; x_wconf 82' lang='lat' dir='ltr'><strong>juxta</strong></span> <span class='ocrx_word' id='word_1_108' title='bbox 1925 1435 2263 1503; x_wconf 84' lang='lat' dir='ltr'><strong>literarum</strong></span> <span class='ocrx_word' id='word_1_109' title='bbox 2322 1460 2521 1527; x_wconf 85' lang='lat' dir='ltr'><strong>super</strong></span> 
     </span>
     <span class='ocr_line' id='line_1_13' title="bbox 133 1533 2523 1627; baseline 0 -24"><span class='ocrx_word' id='word_1_110' title='bbox 133 1538 368 1605; x_wconf 86' lang='lat' dir='ltr'><strong>eisdem</strong></span> <span class='ocrx_word' id='word_1_111' title='bbox 411 1537 973 1627; x_wconf 70' lang='lat' dir='ltr'><strong>impetrationibus</strong></span> <span class='ocrx_word' id='word_1_112' title='bbox 987 1585 1008 1621; x_wconf 89' lang='lat'>‚</span> <span class='ocrx_word' id='word_1_113' title='bbox 1069 1544 1138 1603; x_wconf 85' lang='lat' dir='ltr'><strong>et</strong></span> <span class='ocrx_word' id='word_1_114' title='bbox 1179 1533 1707 1602; x_wconf 78' lang='lat' dir='ltr'><strong>concessionibus</strong></span> <span class='ocrx_word' id='word_1_115' title='bbox 1750 1534 2191 1601; x_wconf 87' lang='lat' dir='ltr'><strong>confectarum</strong></span> <span class='ocrx_word' id='word_1_116' title='bbox 2236 1546 2523 1623; x_wconf 83' lang='lat' dir='ltr'><strong>tenores,</strong></span> 
     </span>
     <span class='ocr_line' id='line_1_14' title="bbox 135 1636 2525 1726; baseline 0 -23"><span class='ocrx_word' id='word_1_117' title='bbox 135 1647 196 1703; x_wconf 88' lang='lat' dir='ltr'><strong>et</strong></span> <span class='ocrx_word' id='word_1_118' title='bbox 225 1640 475 1708; x_wconf 83' lang='lat' dir='ltr'><strong>formas</strong></span> <span class='ocrx_word' id='word_1_119' title='bbox 501 1639 802 1726; x_wconf 85' lang='lat' dir='ltr'><strong>judicare</strong></span> <span class='ocrx_word' id='word_1_120' title='bbox 847 1639 1150 1707; x_wconf 84' lang='lat' dir='ltr'><strong>debeant.</strong></span> <span class='ocrx_word' id='word_1_121' title='bbox 1233 1638 1621 1703; x_wconf 87' lang='lat' dir='ltr'><strong>Decernens</strong></span> <span class='ocrx_word' id='word_1_122' title='bbox 1660 1636 1917 1703; x_wconf 87' lang='lat' dir='ltr'><strong>irritum</strong></span> <span class='ocrx_word' id='word_1_123' title='bbox 1962 1646 2081 1703; x_wconf 89' lang='lat' dir='ltr'><strong>etc.</strong></span> <span class='ocrx_word' id='word_1_124' title='bbox 2156 1636 2246 1703; x_wconf 85' lang='lat' dir='ltr'><strong>Et</strong></span> <span class='ocrx_word' id='word_1_125' title='bbox 2284 1638 2340 1703; x_wconf 90' lang='lat' dir='ltr'><strong>si</strong></span> <span class='ocrx_word' id='word_1_126' title='bbox 2380 1637 2525 1705; x_wconf 88' lang='lat' dir='ltr'><strong>lite-</strong></span> 
     </span>
     <span class='ocr_line' id='line_1_15' title="bbox 131 1738 2526 1830; baseline 0 -25"><span class='ocrx_word' id='word_1_127' title='bbox 131 1761 233 1805; x_wconf 86' lang='lat' dir='ltr'><strong>rae</strong></span> <span class='ocrx_word' id='word_1_128' title='bbox 271 1741 459 1830; x_wconf 79' lang='lat' dir='ltr'><strong>ipsae</strong></span> <span class='ocrx_word' id='word_1_129' title='bbox 500 1761 624 1830; x_wconf 85' lang='lat' dir='ltr'><strong>per</strong></span> <span class='ocrx_word' id='word_1_130' title='bbox 659 1740 1335 1830; x_wconf 79' lang='lat' dir='ltr'><strong>praeoccupationem,</strong></span> <span class='ocrx_word' id='word_1_131' title='bbox 1379 1738 1491 1805; x_wconf 77' lang='lat' dir='ltr'><strong>vel</strong></span> <span class='ocrx_word' id='word_1_132' title='bbox 1530 1738 1687 1807; x_wconf 85' lang='lat' dir='ltr'><strong>alias</strong></span> <span class='ocrx_word' id='word_1_133' title='bbox 1731 1739 1943 1805; x_wconf 88' lang='lat' dir='ltr'><strong>minus</strong></span> <span class='ocrx_word' id='word_1_134' title='bbox 1967 1741 2137 1805; x_wconf 87' lang='lat' dir='ltr'><strong>bene</strong></span> <span class='ocrx_word' id='word_1_135' title='bbox 2178 1738 2526 1829; x_wconf 81' lang='lat' dir='ltr'><strong>expeditae</strong></span> 
     </span>
     <span class='ocr_line' id='line_1_16' title="bbox 137 1840 2528 1931; baseline 0.002 -26"><span class='ocrx_word' id='word_1_136' title='bbox 137 1840 564 1929; x_wconf 76' lang='lat' dir='ltr'><strong>reperiantur,</strong></span> <span class='ocrx_word' id='word_1_137' title='bbox 600 1841 685 1908; x_wconf 83' lang='lat' dir='ltr'><strong>ad</strong></span> <span class='ocrx_word' id='word_1_138' title='bbox 725 1841 989 1911; x_wconf 84' lang='lat' dir='ltr'><strong>illorum</strong></span> <span class='ocrx_word' id='word_1_139' title='bbox 1004 1890 1023 1925; x_wconf 92' lang='lat'>‚</span> <span class='ocrx_word' id='word_1_140' title='bbox 1069 1863 1348 1927; x_wconf 88' lang='lat' dir='ltr'><strong>quorum</strong></span> <span class='ocrx_word' id='word_1_141' title='bbox 1385 1842 1690 1927; x_wconf 82' lang='lat' dir='ltr'><strong>interest,</strong></span> <span class='ocrx_word' id='word_1_142' title='bbox 1736 1843 2103 1911; x_wconf 73' lang='lat' dir='ltr'><strong>instantiam</strong></span> <span class='ocrx_word' id='word_1_143' title='bbox 2144 1841 2229 1907; x_wconf 87' lang='lat' dir='ltr'><strong>ad</strong></span> <span class='ocrx_word' id='word_1_144' title='bbox 2272 1850 2528 1931; x_wconf 87' lang='lat' dir='ltr'><strong>aposto-</strong></span> 
     </span>
     <span class='ocr_line' id='line_1_17' title="bbox 135 1940 2527 2033; baseline 0.002 -26"><span class='ocrx_word' id='word_1_145' title='bbox 135 1940 314 2007; x_wconf 77' lang='lat' dir='ltr'><strong>licam</strong></span> <span class='ocrx_word' id='word_1_146' title='bbox 361 1940 838 2010; x_wconf 77' lang='lat' dir='ltr'><strong>Cancellariam</strong></span> <span class='ocrx_word' id='word_1_147' title='bbox 881 1941 1124 2008; x_wconf 86' lang='lat' dir='ltr'><strong>remitti</strong></span> <span class='ocrx_word' id='word_1_148' title='bbox 1164 1951 1507 2032; x_wconf 81' lang='lat' dir='ltr'><strong>poterunt,</strong></span> <span class='ocrx_word' id='word_1_149' title='bbox 1550 1964 1673 2033; x_wconf 83' lang='lat' dir='ltr'><strong>per</strong></span> <span class='ocrx_word' id='word_1_150' title='bbox 1716 1944 1855 2029; x_wconf 87' lang='lat' dir='ltr'><strong>ejus</strong></span> <span class='ocrx_word' id='word_1_151' title='bbox 1902 1943 2217 2011; x_wconf 82' lang='lat' dir='ltr'><strong>officiales</strong></span> <span class='ocrx_word' id='word_1_152' title='bbox 2232 1992 2253 2027; x_wconf 91' lang='lat'>‚</span> <span class='ocrx_word' id='word_1_153' title='bbox 2296 1944 2527 2030; x_wconf 86' lang='lat' dir='ltr'><strong>quibus</strong></span> 
     </span>
     <span class='ocr_line' id='line_1_18' title="bbox 133 2040 2529 2131; baseline 0.003 -26"><span class='ocrx_word' id='word_1_154' title='bbox 133 2040 234 2128; x_wconf 81' lang='lat' dir='ltr'><strong>huj</strong></span> <span class='ocrx_word' id='word_1_155' title='bbox 242 2041 498 2111; x_wconf 78' lang='lat' dir='ltr'><strong>asmodi</strong></span> <span class='ocrx_word' id='word_1_156' title='bbox 550 2052 848 2128; x_wconf 87' lang='lat' dir='ltr'><strong>tenores,</strong></span> <span class='ocrx_word' id='word_1_157' title='bbox 919 2052 988 2111; x_wconf 91' lang='lat' dir='ltr'><strong>et</strong></span> <span class='ocrx_word' id='word_1_158' title='bbox 1025 2044 1264 2109; x_wconf 84' lang='lat' dir='ltr'><strong>formas</strong></span> <span class='ocrx_word' id='word_1_159' title='bbox 1306 2043 1711 2131; x_wconf 74' lang='lat' dir='ltr'><strong>restringere</strong></span> <span class='ocrx_word' id='word_1_160' title='bbox 1760 2044 2063 2111; x_wconf 80' lang='lat' dir='ltr'><strong>convenit</strong></span> <span class='ocrx_word' id='word_1_161' title='bbox 2082 2094 2105 2130; x_wconf 87' lang='lat'><strong>,</strong></span> <span class='ocrx_word' id='word_1_162' title='bbox 2162 2044 2245 2111; x_wconf 81' lang='lat' dir='ltr'><strong>ad</strong></span> <span class='ocrx_word' id='word_1_163' title='bbox 2284 2045 2529 2113; x_wconf 83' lang='lat' dir='ltr'><strong>formas</strong></span> 
     </span>
     <span class='ocr_line' id='line_1_19' title="bbox 135 2140 853 2212; baseline 0.007 -5"><span class='ocrx_word' id='word_1_164' title='bbox 135 2140 374 2209; x_wconf 80' lang='lat' dir='ltr'><strong>debitas</strong></span> <span class='ocrx_word' id='word_1_165' title='bbox 415 2143 853 2212; x_wconf 72' lang='lat' dir='ltr'><strong>reducendae.</strong></span> 
     </span>
    </p>

    <p class='ocr_par' dir='ltr' id='par_1_4' title="bbox 135 2242 2536 4144">
     <span class='ocr_line' id='line_1_20' title="bbox 291 2242 2526 2333; baseline 0.001 -22"><span class='ocrx_word' id='word_1_166' title='bbox 291 2246 354 2326; x_wconf 64' lang='lat' dir='ltr'><strong>fl.</strong></span> <span class='ocrx_word' id='word_1_167' title='bbox 396 2243 506 2311; x_wconf 77' lang='lat'><strong>28.</strong></span> <span class='ocrx_word' id='word_1_168' title='bbox 585 2244 756 2311; x_wconf 85' lang='lat' dir='ltr'><strong>Item</strong></span> <span class='ocrx_word' id='word_1_169' title='bbox 797 2243 1140 2311; x_wconf 83' lang='lat' dir='ltr'><strong>attendens</strong></span> <span class='ocrx_word' id='word_1_170' title='bbox 1181 2243 1268 2309; x_wconf 91' lang='lat' dir='ltr'><strong>D.</strong></span> <span class='ocrx_word' id='word_1_171' title='bbox 1311 2242 1400 2309; x_wconf 82' lang='lat' dir='ltr'><strong>N.</strong></span> <span class='ocrx_word' id='word_1_172' title='bbox 1446 2242 1631 2333; x_wconf 81' lang='lat' dir='ltr'><strong>Papa</strong></span> <span class='ocrx_word' id='word_1_173' title='bbox 1652 2292 1674 2329; x_wconf 86' lang='lat'><strong>,</strong></span> <span class='ocrx_word' id='word_1_174' title='bbox 1736 2244 1921 2330; x_wconf 83' lang='lat' dir='ltr'><strong>quod</strong></span> <span class='ocrx_word' id='word_1_175' title='bbox 1973 2266 2171 2333; x_wconf 84' lang='lat' dir='ltr'><strong>super</strong></span> <span class='ocrx_word' id='word_1_176' title='bbox 2208 2245 2526 2313; x_wconf 76' lang='lat' dir='ltr'><strong>habendis</strong></span> 
     </span>
     <span class='ocr_line' id='line_1_21' title="bbox 139 2341 2526 2433; baseline 0.003 -26"><span class='ocrx_word' id='word_1_177' title='bbox 139 2342 216 2407; x_wconf 85' lang='lat' dir='ltr'><strong>de</strong></span> <span class='ocrx_word' id='word_1_178' title='bbox 255 2341 662 2414; x_wconf 79' lang='lat' dir='ltr'><strong>Cancellaria</strong></span> <span class='ocrx_word' id='word_1_179' title='bbox 707 2344 1064 2433; x_wconf 83' lang='lat' dir='ltr'><strong>apostolica</strong></span> <span class='ocrx_word' id='word_1_180' title='bbox 1101 2344 1356 2431; x_wconf 79' lang='lat' dir='ltr'><strong>regulis</strong></span> <span class='ocrx_word' id='word_1_181' title='bbox 1375 2394 1396 2428; x_wconf 88' lang='lat'>‚</span> <span class='ocrx_word' id='word_1_182' title='bbox 1471 2354 1541 2411; x_wconf 85' lang='lat' dir='ltr'><strong>et</strong></span> <span class='ocrx_word' id='word_1_183' title='bbox 1598 2344 2163 2411; x_wconf 85' lang='lat' dir='ltr'><strong>constitutionibus</strong></span> <span class='ocrx_word' id='word_1_184' title='bbox 2202 2345 2363 2412; x_wconf 90' lang='lat' dir='ltr'><strong>inibi</strong></span> <span class='ocrx_word' id='word_1_185' title='bbox 2414 2346 2526 2415; x_wconf 87' lang='lat' dir='ltr'><strong>de-</strong></span> 
     </span>
     <span class='ocr_line' id='line_1_22' title="bbox 139 2444 2528 2535; baseline 0.003 -28"><span class='ocrx_word' id='word_1_186' title='bbox 139 2444 378 2533; x_wconf 83' lang='lat' dir='ltr'><strong>scriptis</strong></span> <span class='ocrx_word' id='word_1_187' title='bbox 442 2444 720 2511; x_wconf 83' lang='lat' dir='ltr'><strong>faciliter</strong></span> <span class='ocrx_word' id='word_1_188' title='bbox 773 2466 896 2534; x_wconf 89' lang='lat' dir='ltr'><strong>per</strong></span> <span class='ocrx_word' id='word_1_189' title='bbox 935 2466 1081 2529; x_wconf 90' lang='lat' dir='ltr'><strong>eos,</strong></span> <span class='ocrx_word' id='word_1_190' title='bbox 1133 2444 1243 2531; x_wconf 88' lang='lat' dir='ltr'><strong>qui</strong></span> <span class='ocrx_word' id='word_1_191' title='bbox 1297 2445 1368 2511; x_wconf 86' lang='lat' dir='ltr'><strong>in</strong></span> <span class='ocrx_word' id='word_1_192' title='bbox 1405 2468 1673 2511; x_wconf 83' lang='lat' dir='ltr'><strong>romana</strong></span> <span class='ocrx_word' id='word_1_193' title='bbox 1714 2446 1891 2513; x_wconf 82' lang='lat' dir='ltr'><strong>curia</strong></span> <span class='ocrx_word' id='word_1_194' title='bbox 1928 2446 2335 2535; x_wconf 79' lang='lat' dir='ltr'><strong>indiguerint</strong></span> <span class='ocrx_word' id='word_1_195' title='bbox 2361 2496 2382 2532; x_wconf 92' lang='lat'><strong>,</strong></span> <span class='ocrx_word' id='word_1_196' title='bbox 2443 2446 2528 2513; x_wconf 83' lang='lat' dir='ltr'><strong>ad</strong></span> 
     </span>
     <span class='ocr_line' id='line_1_23' title="bbox 143 2543 2531 2637; baseline 0.003 -30"><span class='ocrx_word' id='word_1_197' title='bbox 143 2543 337 2631; x_wconf 83' lang='lat' dir='ltr'><strong>ipsam</strong></span> <span class='ocrx_word' id='word_1_198' title='bbox 383 2544 860 2619; x_wconf 67' lang='lat' dir='ltr'><strong>cancellariam</strong></span> <span class='ocrx_word' id='word_1_199' title='bbox 907 2568 1210 2615; x_wconf 79' lang='lat' dir='ltr'><strong>recursus</strong></span> <span class='ocrx_word' id='word_1_200' title='bbox 1255 2547 1454 2634; x_wconf 85' lang='lat' dir='ltr'><strong>dirigi</strong></span> <span class='ocrx_word' id='word_1_201' title='bbox 1497 2557 1735 2637; x_wconf 81' lang='lat' dir='ltr'><strong>potest,</strong></span> <span class='ocrx_word' id='word_1_202' title='bbox 1776 2570 1901 2615; x_wconf 88' lang='lat' dir='ltr'><strong>nec</strong></span> <span class='ocrx_word' id='word_1_203' title='bbox 1936 2549 2300 2615; x_wconf 87' lang='lat' dir='ltr'><strong>consultum</strong></span> <span class='ocrx_word' id='word_1_204' title='bbox 2338 2549 2531 2629; x_wconf 87' lang='lat' dir='ltr'><strong>foret,</strong></span> 
     </span>
     <span class='ocr_line' id='line_1_24' title="bbox 149 2647 2531 2738; baseline 0.001 -26"><span class='ocrx_word' id='word_1_205' title='bbox 149 2647 314 2730; x_wconf 84' lang='lat' dir='ltr'><strong>quod</strong></span> <span class='ocrx_word' id='word_1_206' title='bbox 351 2669 558 2737; x_wconf 83' lang='lat' dir='ltr'><strong>super</strong></span> <span class='ocrx_word' id='word_1_207' title='bbox 593 2649 972 2716; x_wconf 85' lang='lat' dir='ltr'><strong>earumdem</strong></span> <span class='ocrx_word' id='word_1_208' title='bbox 1011 2650 1413 2738; x_wconf 81' lang='lat' dir='ltr'><strong>regularum,</strong></span> <span class='ocrx_word' id='word_1_209' title='bbox 1463 2658 1533 2714; x_wconf 89' lang='lat' dir='ltr'><strong>et</strong></span> <span class='ocrx_word' id='word_1_210' title='bbox 1556 2649 2081 2715; x_wconf 81' lang='lat' dir='ltr'><strong>constitutionum</strong></span> <span class='ocrx_word' id='word_1_211' title='bbox 2121 2648 2317 2735; x_wconf 86' lang='lat' dir='ltr'><strong>(quae</strong></span> <span class='ocrx_word' id='word_1_212' title='bbox 2339 2650 2531 2736; x_wconf 79' lang='lat' dir='ltr'><strong>juxta</strong></span> 
     </span>
     <span class='ocr_line' id='line_1_25' title="bbox 142 2748 2532 2837; baseline 0.004 -29"><span class='ocrx_word' id='word_1_213' title='bbox 142 2748 512 2815; x_wconf 79' lang='lat' dir='ltr'><strong>varietatem</strong></span> <span class='ocrx_word' id='word_1_214' title='bbox 569 2750 1092 2817; x_wconf 81' lang='lat' dir='ltr'><strong>concurrentium</strong></span> <span class='ocrx_word' id='word_1_215' title='bbox 1141 2772 1477 2816; x_wconf 82' lang='lat' dir='ltr'><strong>causarum</strong></span> <span class='ocrx_word' id='word_1_216' title='bbox 1497 2799 1518 2834; x_wconf 90' lang='lat'><strong>,</strong></span> <span class='ocrx_word' id='word_1_217' title='bbox 1578 2758 1645 2815; x_wconf 90' lang='lat' dir='ltr'><strong>et</strong></span> <span class='ocrx_word' id='word_1_218' title='bbox 1702 2750 2129 2837; x_wconf 81' lang='lat' dir='ltr'><strong>negociorum</strong></span> <span class='ocrx_word' id='word_1_219' title='bbox 2188 2750 2532 2837; x_wconf 85' lang='lat' dir='ltr'><strong>aliquoties</strong></span> 
     </span>
     <span class='ocr_line' id='line_1_26' title="bbox 135 2844 2529 2940; baseline 0.004 -27"><span class='ocrx_word' id='word_1_220' title='bbox 135 2844 450 2915; x_wconf 76' lang='lat' dir='ltr'><strong>immutari</strong></span> <span class='ocrx_word' id='word_1_221' title='bbox 491 2850 818 2936; x_wconf 83' lang='lat' dir='ltr'><strong>convenit)</strong></span> <span class='ocrx_word' id='word_1_222' title='bbox 865 2850 1202 2939; x_wconf 75' lang='lat' dir='ltr'><strong>probando</strong></span> <span class='ocrx_word' id='word_1_223' title='bbox 1241 2860 1493 2937; x_wconf 85' lang='lat' dir='ltr'><strong>tenore,</strong></span> <span class='ocrx_word' id='word_1_224' title='bbox 1534 2851 1644 2917; x_wconf 82' lang='lat' dir='ltr'><strong>vel</strong></span> <span class='ocrx_word' id='word_1_225' title='bbox 1686 2850 1924 2917; x_wconf 85' lang='lat' dir='ltr'><strong>effectu</strong></span> <span class='ocrx_word' id='word_1_226' title='bbox 1956 2850 2221 2917; x_wconf 83' lang='lat' dir='ltr'><strong>testium</strong></span> <span class='ocrx_word' id='word_1_227' title='bbox 2246 2850 2529 2940; x_wconf 85' lang='lat' dir='ltr'><strong>plerum—</strong></span> 
     </span>
     <span class='ocr_line' id='line_1_27' title="bbox 142 2950 2533 3040; baseline 0.002 -25"><span class='ocrx_word' id='word_1_228' title='bbox 142 2966 256 3031; x_wconf 86' lang='lat' dir='ltr'><strong>que</strong></span> <span class='ocrx_word' id='word_1_229' title='bbox 301 2958 600 3017; x_wconf 79' lang='lat' dir='ltr'><strong>tenacem</strong></span> <span class='ocrx_word' id='word_1_230' title='bbox 643 2950 926 3039; x_wconf 83' lang='lat' dir='ltr'><strong>desuper</strong></span> <span class='ocrx_word' id='word_1_231' title='bbox 969 2951 1344 3019; x_wconf 84' lang='lat' dir='ltr'><strong>memoriam</strong></span> <span class='ocrx_word' id='word_1_232' title='bbox 1408 2972 1541 3018; x_wconf 86' lang='lat' dir='ltr'><strong>non</strong></span> <span class='ocrx_word' id='word_1_233' title='bbox 1596 2952 1973 3019; x_wconf 81' lang='lat' dir='ltr'><strong>habentium</strong></span> <span class='ocrx_word' id='word_1_234' title='bbox 2020 2951 2533 3040; x_wconf 86' lang='lat' dir='ltr'><strong>depositionibus</strong></span> 
     </span>
     <span class='ocr_line' id='line_1_28' title="bbox 143 3050 2536 3141; baseline 0.003 -28"><span class='ocrx_word' id='word_1_235' title='bbox 143 3050 285 3117; x_wconf 78' lang='lat' dir='ltr'><strong>stari</strong></span> <span class='ocrx_word' id='word_1_236' title='bbox 325 3050 621 3135; x_wconf 80' lang='lat' dir='ltr'><strong>deberet,</strong></span> <span class='ocrx_word' id='word_1_237' title='bbox 665 3050 874 3117; x_wconf 83' lang='lat' dir='ltr'><strong>voluit</strong></span> <span class='ocrx_word' id='word_1_238' title='bbox 893 3100 916 3136; x_wconf 87' lang='lat'><strong>,</strong></span> <span class='ocrx_word' id='word_1_239' title='bbox 963 3050 1184 3118; x_wconf 79' lang='lat' dir='ltr'><strong>statuit</strong></span> <span class='ocrx_word' id='word_1_240' title='bbox 1202 3098 1222 3134; x_wconf 93' lang='lat'><strong>,</strong></span> <span class='ocrx_word' id='word_1_241' title='bbox 1271 3060 1340 3118; x_wconf 91' lang='lat' dir='ltr'><strong>et</strong></span> <span class='ocrx_word' id='word_1_242' title='bbox 1393 3051 1737 3135; x_wconf 80' lang='lat' dir='ltr'><strong>ordinavit,</strong></span> <span class='ocrx_word' id='word_1_243' title='bbox 1778 3052 1955 3137; x_wconf 81' lang='lat' dir='ltr'><strong>quod</strong></span> <span class='ocrx_word' id='word_1_244' title='bbox 1996 3052 2309 3141; x_wconf 86' lang='lat' dir='ltr'><strong>deinceps</strong></span> <span class='ocrx_word' id='word_1_245' title='bbox 2350 3053 2536 3139; x_wconf 84' lang='lat' dir='ltr'><strong>quili-</strong></span> 
     </span>
     <span class='ocr_line' id='line_1_29' title="bbox 144 3147 2533 3241; baseline 0.001 -25"><span class='ocrx_word' id='word_1_246' title='bbox 144 3147 248 3216; x_wconf 85' lang='lat' dir='ltr'><strong>bet</strong></span> <span class='ocrx_word' id='word_1_247' title='bbox 281 3172 370 3217; x_wconf 77' lang='lat' dir='ltr'><strong>ex</strong></span> <span class='ocrx_word' id='word_1_248' title='bbox 415 3149 822 3219; x_wconf 82' lang='lat' dir='ltr'><strong>auditoribus</strong></span> <span class='ocrx_word' id='word_1_249' title='bbox 883 3174 1220 3219; x_wconf 84' lang='lat' dir='ltr'><strong>causarum</strong></span> <span class='ocrx_word' id='word_1_250' title='bbox 1263 3152 1485 3241; x_wconf 80' lang='lat' dir='ltr'><strong>palatii</strong></span> <span class='ocrx_word' id='word_1_251' title='bbox 1528 3152 1905 3241; x_wconf 78' lang='lat' dir='ltr'><strong>apostolici,</strong></span> <span class='ocrx_word' id='word_1_252' title='bbox 1960 3161 2025 3218; x_wconf 90' lang='lat' dir='ltr'><strong>et</strong></span> <span class='ocrx_word' id='word_1_253' title='bbox 2064 3152 2209 3218; x_wconf 86' lang='lat' dir='ltr'><strong>aliis</strong></span> <span class='ocrx_word' id='word_1_254' title='bbox 2252 3153 2533 3239; x_wconf 88' lang='lat' dir='ltr'><strong>(etiamsi</strong></span> 
     </span>
     <span class='ocr_line' id='line_1_30' title="bbox 143 3244 2531 3343; baseline 0.003 -30"><span class='ocrx_word' id='word_1_255' title='bbox 143 3244 208 3313; x_wconf 80' lang='lat' dir='ltr'><strong>S.</strong></span> <span class='ocrx_word' id='word_1_256' title='bbox 245 3250 322 3317; x_wconf 83' lang='lat' dir='ltr'><strong>R.</strong></span> <span class='ocrx_word' id='word_1_257' title='bbox 364 3249 446 3317; x_wconf 84' lang='lat' dir='ltr'><strong>E.</strong></span> <span class='ocrx_word' id='word_1_258' title='bbox 490 3249 618 3317; x_wconf 87' lang='lat' dir='ltr'><strong>sint</strong></span> <span class='ocrx_word' id='word_1_259' title='bbox 659 3250 1072 3338; x_wconf 83' lang='lat' dir='ltr'><strong>Cardinales)</strong></span> <span class='ocrx_word' id='word_1_260' title='bbox 1134 3252 1204 3319; x_wconf 89' lang='lat' dir='ltr'><strong>in</strong></span> <span class='ocrx_word' id='word_1_261' title='bbox 1252 3251 1410 3342; x_wconf 65' lang='lat' dir='ltr'><strong>ipsa}</strong></span> <span class='ocrx_word' id='word_1_262' title='bbox 1449 3252 1627 3319; x_wconf 79' lang='lat' dir='ltr'><strong>curia</strong></span> <span class='ocrx_word' id='word_1_263' title='bbox 1680 3272 1801 3341; x_wconf 85' lang='lat' dir='ltr'><strong>pro</strong></span> <span class='ocrx_word' id='word_1_264' title='bbox 1864 3260 2159 3341; x_wconf 83' lang='lat' dir='ltr'><strong>tempore</strong></span> <span class='ocrx_word' id='word_1_265' title='bbox 2203 3251 2531 3343; x_wconf 85' lang='lat' dir='ltr'><strong>deputatis</strong></span> 
     </span>
     <span class='ocr_line' id='line_1_31' title="bbox 139 3350 2532 3441; baseline 0.003 -30"><span class='ocrx_word' id='word_1_266' title='bbox 139 3350 510 3419; x_wconf 77' lang='lat' dir='ltr'><strong>auctoritate</strong></span> <span class='ocrx_word' id='word_1_267' title='bbox 539 3352 893 3440; x_wconf 74' lang='lat' dir='ltr'><strong>apostolica</strong></span> <span class='ocrx_word' id='word_1_268' title='bbox 924 3352 1276 3436; x_wconf 73' lang='lat' dir='ltr'><strong>judicibuS,</strong></span> <span class='ocrx_word' id='word_1_269' title='bbox 1311 3353 1505 3419; x_wconf 81' lang='lat' dir='ltr'><strong>etiam</strong></span> <span class='ocrx_word' id='word_1_270' title='bbox 1544 3352 1613 3419; x_wconf 88' lang='lat' dir='ltr'><strong>in</strong></span> <span class='ocrx_word' id='word_1_271' title='bbox 1656 3352 1863 3417; x_wconf 82' lang='lat' dir='ltr'><strong>causis</strong></span> <span class='ocrx_word' id='word_1_272' title='bbox 1890 3361 2037 3417; x_wconf 85' lang='lat' dir='ltr'><strong>actu</strong></span> <span class='ocrx_word' id='word_1_273' title='bbox 2094 3353 2532 3441; x_wconf 88' lang='lat' dir='ltr'><strong>pendentibus</strong></span> 
     </span>
     <span class='ocr_line' id='line_1_32' title="bbox 143 3450 2535 3541; baseline 0.002 -26"><span class='ocrx_word' id='word_1_274' title='bbox 143 3468 330 3536; x_wconf 78' lang='lat' dir='ltr'><strong>super</strong></span> <span class='ocrx_word' id='word_1_275' title='bbox 377 3451 752 3537; x_wconf 79' lang='lat' dir='ltr'><strong>hujusmodi</strong></span> <span class='ocrx_word' id='word_1_276' title='bbox 809 3462 1037 3520; x_wconf 82' lang='lat' dir='ltr'><strong>tenore</strong></span> <span class='ocrx_word' id='word_1_277' title='bbox 1059 3503 1080 3538; x_wconf 91' lang='lat'>‚</span> <span class='ocrx_word' id='word_1_278' title='bbox 1141 3454 1250 3519; x_wconf 83' lang='lat' dir='ltr'><strong>vel</strong></span> <span class='ocrx_word' id='word_1_279' title='bbox 1309 3452 1549 3521; x_wconf 81' lang='lat' dir='ltr'><strong>effectu</strong></span> <span class='ocrx_word' id='word_1_280' title='bbox 1592 3450 1929 3541; x_wconf 83' lang='lat' dir='ltr'><strong>probando</strong></span> <span class='ocrx_word' id='word_1_281' title='bbox 1991 3450 2328 3519; x_wconf 78' lang='lat' dir='ltr'><strong>dumtaxat</strong></span> <span class='ocrx_word' id='word_1_282' title='bbox 2388 3462 2535 3537; x_wconf 87' lang='lat' dir='ltr'><strong>stet,</strong></span> 
     </span>
     <span class='ocr_line' id='line_1_33' title="bbox 145 3547 2535 3643; baseline 0.002 -30"><span class='ocrx_word' id='word_1_283' title='bbox 145 3547 468 3638; x_wconf 83' lang='lat' dir='ltr'><strong>fidemque</strong></span> <span class='ocrx_word' id='word_1_284' title='bbox 505 3552 812 3626; x_wconf 80' lang='lat' dir='ltr'><strong>adhibeat</strong></span> <span class='ocrx_word' id='word_1_285' title='bbox 867 3553 1138 3621; x_wconf 77' lang='lat' dir='ltr'><strong>cedulae</strong></span> <span class='ocrx_word' id='word_1_286' title='bbox 1158 3604 1178 3637; x_wconf 84' lang='lat'><strong>,</strong></span> <span class='ocrx_word' id='word_1_287' title='bbox 1249 3576 1367 3621; x_wconf 87' lang='lat' dir='ltr'><strong>seu</strong></span> <span class='ocrx_word' id='word_1_288' title='bbox 1421 3552 1778 3643; x_wconf 82' lang='lat' dir='ltr'><strong>scripturae</strong></span> <span class='ocrx_word' id='word_1_289' title='bbox 1832 3553 2117 3641; x_wconf 85' lang='lat' dir='ltr'><strong>desuper</strong></span> <span class='ocrx_word' id='word_1_290' title='bbox 2180 3576 2219 3617; x_wconf 86' lang='lat' dir='ltr'><strong>a</strong></span> <span class='ocrx_word' id='word_1_291' title='bbox 2280 3551 2535 3618; x_wconf 85' lang='lat' dir='ltr'><strong>duobus</strong></span> 
     </span>
     <span class='ocr_line' id='line_1_34' title="bbox 141 3652 2533 3742; baseline 0.001 -26"><span class='ocrx_word' id='word_1_292' title='bbox 141 3652 396 3737; x_wconf 78' lang='lat' dir='ltr'><strong>majoris</strong></span> <span class='ocrx_word' id='word_1_293' title='bbox 437 3653 935 3742; x_wconf 83' lang='lat' dir='ltr'><strong>praesidentiae,</strong></span> <span class='ocrx_word' id='word_1_294' title='bbox 979 3654 1158 3740; x_wconf 86' lang='lat' dir='ltr'><strong>quod</strong></span> <span class='ocrx_word' id='word_1_295' title='bbox 1198 3654 1412 3720; x_wconf 80' lang='lat' dir='ltr'><strong>danda</strong></span> <span class='ocrx_word' id='word_1_296' title='bbox 1453 3654 1555 3736; x_wconf 88' lang='lat' dir='ltr'><strong>sit,</strong></span> <span class='ocrx_word' id='word_1_297' title='bbox 1601 3678 1641 3721; x_wconf 85' lang='lat' dir='ltr'><strong>a</strong></span> <span class='ocrx_word' id='word_1_298' title='bbox 1666 3663 1859 3740; x_wconf 87' lang='lat' dir='ltr'><strong>tergo</strong></span> <span class='ocrx_word' id='word_1_299' title='bbox 1890 3652 2203 3739; x_wconf 80' lang='lat' dir='ltr'><strong>signatae,</strong></span> <span class='ocrx_word' id='word_1_300' title='bbox 2248 3660 2315 3717; x_wconf 91' lang='lat' dir='ltr'><strong>et</strong></span> <span class='ocrx_word' id='word_1_301' title='bbox 2340 3652 2533 3719; x_wconf 82' lang='lat' dir='ltr'><strong>etiam</strong></span> 
     </span>
     <span class='ocr_line' id='line_1_35' title="bbox 139 3750 2527 3844; baseline 0.002 -29"><span class='ocrx_word' id='word_1_302' title='bbox 139 3772 176 3815; x_wconf 89' lang='lat' dir='ltr'><strong>a</strong></span> <span class='ocrx_word' id='word_1_303' title='bbox 213 3750 461 3823; x_wconf 73' lang='lat' dir='ltr'><strong>duobus</strong></span> <span class='ocrx_word' id='word_1_304' title='bbox 507 3755 650 3821; x_wconf 71' lang='lat' dir='ltr'><strong>aliis</strong></span> <span class='ocrx_word' id='word_1_305' title='bbox 707 3756 1044 3821; x_wconf 83' lang='lat' dir='ltr'><strong>literarum</strong></span> <span class='ocrx_word' id='word_1_306' title='bbox 1101 3755 1601 3844; x_wconf 84' lang='lat' dir='ltr'><strong>apostolicarum</strong></span> <span class='ocrx_word' id='word_1_307' title='bbox 1660 3753 2211 3821; x_wconf 83' lang='lat' dir='ltr'><strong>abbreviatoribus</strong></span> <span class='ocrx_word' id='word_1_308' title='bbox 2272 3752 2341 3817; x_wconf 89' lang='lat' dir='ltr'><strong>in</strong></span> <span class='ocrx_word' id='word_1_309' title='bbox 2380 3753 2404 3819; x_wconf 93' lang='lat' dir='ltr'><strong>i</strong></span> <span class='ocrx_word' id='word_1_310' title='bbox 2406 3776 2527 3842; x_wconf 80' lang='lat' dir='ltr'><strong>psa</strong></span> 
     </span>
     <span class='ocr_line' id='line_1_36' title="bbox 145 3846 2524 3941; baseline 0 -24"><span class='ocrx_word' id='word_1_311' title='bbox 145 3846 538 3924; x_wconf 79' lang='lat' dir='ltr'><strong>Cancellsria</strong></span> <span class='ocrx_word' id='word_1_312' title='bbox 599 3856 992 3923; x_wconf 83' lang='lat' dir='ltr'><strong>auscultatae</strong></span> <span class='ocrx_word' id='word_1_313' title='bbox 1008 3904 1030 3941; x_wconf 86' lang='lat'><strong>,</strong></span> <span class='ocrx_word' id='word_1_314' title='bbox 1095 3866 1160 3921; x_wconf 84' lang='lat' dir='ltr'><strong>et</strong></span> <span class='ocrx_word' id='word_1_315' title='bbox 1199 3855 1750 3938; x_wconf 79' lang='lat' dir='ltr'><strong>vicecancellarii,</strong></span> <span class='ocrx_word' id='word_1_316' title='bbox 1809 3876 1925 3921; x_wconf 88' lang='lat' dir='ltr'><strong>seu</strong></span> <span class='ocrx_word' id='word_1_317' title='bbox 1972 3853 2210 3919; x_wconf 85' lang='lat' dir='ltr'><strong>dictam</strong></span> <span class='ocrx_word' id='word_1_318' title='bbox 2252 3852 2524 3920; x_wconf 81' lang='lat' dir='ltr'><strong>Cancel—</strong></span> 
     </span>
     <span class='ocr_line' id='line_1_37' title="bbox 141 3947 2532 4046; baseline 0.001 -26"><span class='ocrx_word' id='word_1_319' title='bbox 141 3947 362 4022; x_wconf 68' lang='lat' dir='ltr'><strong>ltriam</strong></span> <span class='ocrx_word' id='word_1_320' title='bbox 385 3956 678 4043; x_wconf 74' lang='lat' dir='ltr'><strong>regentis</strong></span> <span class='ocrx_word' id='word_1_321' title='bbox 723 3975 916 4023; x_wconf 85' lang='lat' dir='ltr'><strong>manu</strong></span> <span class='ocrx_word' id='word_1_322' title='bbox 961 3956 1384 4046; x_wconf 82' lang='lat' dir='ltr'><strong>subscriptae,</strong></span> <span class='ocrx_word' id='word_1_323' title='bbox 1427 3965 1503 4022; x_wconf 88' lang='lat' dir='ltr'><strong>ut</strong></span> <span class='ocrx_word' id='word_1_324' title='bbox 1538 3955 1739 4021; x_wconf 85' lang='lat' dir='ltr'><strong>moris</strong></span> <span class='ocrx_word' id='word_1_325' title='bbox 1782 3964 1913 4038; x_wconf 84' lang='lat' dir='ltr'><strong>est,</strong></span> <span class='ocrx_word' id='word_1_326' title='bbox 1954 3952 2271 4040; x_wconf 83' lang='lat' dir='ltr'><strong>quidquid</strong></span> <span class='ocrx_word' id='word_1_327' title='bbox 2313 3963 2532 4023; x_wconf 70' lang='lat' dir='ltr'><strong>autom</strong></span> 
     </span>
     <span class='ocr_line' id='line_1_38' title="bbox 141 4054 2153 4144; baseline -0.002 -21"><span class='ocrx_word' id='word_1_328' title='bbox 141 4070 338 4126; x_wconf 64' lang='lat' dir='ltr'><strong>aecus</strong></span> <span class='ocrx_word' id='word_1_329' title='bbox 361 4056 508 4124; x_wconf 86' lang='lat' dir='ltr'><strong>fieri</strong></span> <span class='ocrx_word' id='word_1_330' title='bbox 549 4058 908 4144; x_wconf 81' lang='lat' dir='ltr'><strong>contigerit</strong></span> <span class='ocrx_word' id='word_1_331' title='bbox 942 4057 1184 4125; x_wconf 85' lang='lat' dir='ltr'><strong>nullius</strong></span> <span class='ocrx_word' id='word_1_332' title='bbox 1227 4058 1316 4123; x_wconf 88' lang='lat' dir='ltr'><strong>sit</strong></span> <span class='ocrx_word' id='word_1_333' title='bbox 1353 4058 1629 4141; x_wconf 88' lang='lat' dir='ltr'><strong>roboris,</strong></span> <span class='ocrx_word' id='word_1_334' title='bbox 1672 4056 1781 4121; x_wconf 81' lang='lat' dir='ltr'><strong>vel</strong></span> <span class='ocrx_word' id='word_1_335' title='bbox 1822 4054 2153 4121; x_wconf 87' lang='lat' dir='ltr'><strong>momenti.</strong></span> 
     </span>
    </p>

    <p class='ocr_par' dir='ltr' id='par_1_5' title="bbox 144 4154 2539 4549">
     <span class='ocr_line' id='line_1_39' title="bbox 309 4154 2539 4247; baseline -0 -26"><span class='ocrx_word' id='word_1_336' title='bbox 309 4158 370 4239; x_wconf 66' lang='grc'><strong>9.</strong></span> <span class='ocrx_word' id='word_1_337' title='bbox 411 4156 514 4225; x_wconf 84' lang='grc'><strong>29</strong></span> <span class='ocrx_word' id='word_1_338' title='bbox 594 4158 768 4225; x_wconf 86' lang='lat' dir='ltr'><strong>Item</strong></span> <span class='ocrx_word' id='word_1_339' title='bbox 807 4158 898 4225; x_wconf 88' lang='lat' dir='ltr'><strong>D.</strong></span> <span class='ocrx_word' id='word_1_340' title='bbox 941 4158 1027 4225; x_wconf 87' lang='lat' dir='ltr'><strong>N.</strong></span> <span class='ocrx_word' id='word_1_341' title='bbox 1077 4158 1347 4247; x_wconf 84' lang='lat' dir='ltr'><strong>cupiens</strong></span> <span class='ocrx_word' id='word_1_342' title='bbox 1400 4157 1613 4224; x_wconf 85' lang='lat' dir='ltr'><strong>litium</strong></span> <span class='ocrx_word' id='word_1_343' title='bbox 1668 4156 2003 4223; x_wconf 83' lang='lat' dir='ltr'><strong>succidere</strong></span> <span class='ocrx_word' id='word_1_344' title='bbox 2044 4154 2411 4240; x_wconf 81' lang='lat' dir='ltr'><strong>anfractus,</strong></span> <span class='ocrx_word' id='word_1_345' title='bbox 2470 4164 2539 4223; x_wconf 86' lang='lat' dir='ltr'><strong>et</strong></span> 
     </span>
     <span class='ocr_line' id='line_1_40' title="bbox 145 4256 2531 4347; baseline 0.003 -30"><span class='ocrx_word' id='word_1_346' title='bbox 145 4274 222 4319; x_wconf 86' lang='lat' dir='ltr'><strong>ne</strong></span> <span class='ocrx_word' id='word_1_347' title='bbox 259 4257 410 4324; x_wconf 79' lang='lat' dir='ltr'><strong>novi</strong></span> <span class='ocrx_word' id='word_1_348' title='bbox 451 4258 960 4345; x_wconf 82' lang='lat' dir='ltr'><strong>collitigantibus</strong></span> <span class='ocrx_word' id='word_1_349' title='bbox 997 4259 1356 4327; x_wconf 82' lang='lat' dir='ltr'><strong>adversarii</strong></span> <span class='ocrx_word' id='word_1_350' title='bbox 1401 4260 1674 4342; x_wconf 86' lang='lat' dir='ltr'><strong>dentur,</strong></span> <span class='ocrx_word' id='word_1_351' title='bbox 1715 4256 2098 4347; x_wconf 82' lang='lat' dir='ltr'><strong>providere,</strong></span> <span class='ocrx_word' id='word_1_352' title='bbox 2138 4257 2365 4341; x_wconf 78' lang='lat' dir='ltr'><strong>voluit,</strong></span> <span class='ocrx_word' id='word_1_353' title='bbox 2407 4265 2531 4324; x_wconf 81' lang='lat' dir='ltr'><strong>sta-</strong></span> 
     </span>
     <span class='ocr_line' id='line_1_41' title="bbox 144 4355 2529 4448; baseline 0.001 -27"><span class='ocrx_word' id='word_1_354' title='bbox 144 4355 278 4439; x_wconf 78' lang='lat' dir='ltr'><strong>tuit,</strong></span> <span class='ocrx_word' id='word_1_355' title='bbox 321 4367 386 4425; x_wconf 87' lang='lat' dir='ltr'><strong>et</strong></span> <span class='ocrx_word' id='word_1_356' title='bbox 425 4358 791 4440; x_wconf 84' lang='lat' dir='ltr'><strong>ordinavit,</strong></span> <span class='ocrx_word' id='word_1_357' title='bbox 855 4360 1034 4447; x_wconf 91' lang='lat' dir='ltr'><strong>quod</strong></span> <span class='ocrx_word' id='word_1_358' title='bbox 1073 4360 1328 4446; x_wconf 87' lang='lat' dir='ltr'><strong>quoties</strong></span> <span class='ocrx_word' id='word_1_359' title='bbox 1373 4360 1682 4448; x_wconf 84' lang='lat' dir='ltr'><strong>deinceps</strong></span> <span class='ocrx_word' id='word_1_360' title='bbox 1728 4358 2013 4444; x_wconf 88' lang='lat' dir='ltr'><strong>aliquem</strong></span> <span class='ocrx_word' id='word_1_361' title='bbox 2062 4378 2260 4446; x_wconf 88' lang='lat' dir='ltr'><strong>super</strong></span> <span class='ocrx_word' id='word_1_362' title='bbox 2300 4358 2529 4444; x_wconf 77' lang='lat' dir='ltr'><strong>quovis</strong></span> 
     </span>
     <span class='ocr_line' id='line_1_42' title="bbox 145 4454 2528 4549; baseline 0.001 -27"><span class='ocrx_word' id='word_1_363' title='bbox 145 4454 454 4527; x_wconf 83' lang='lat' dir='ltr'><strong>beneficio</strong></span> <span class='ocrx_word' id='word_1_364' title='bbox 493 4459 932 4530; x_wconf 77' lang='lat' dir='ltr'><strong>ecclesiastice</strong></span> <span class='ocrx_word' id='word_1_365' title='bbox 973 4460 1440 4549; x_wconf 76' lang='lat' dir='ltr'><strong>collitigantem</strong></span> <span class='ocrx_word' id='word_1_366' title='bbox 1481 4462 1553 4529; x_wconf 88' lang='lat' dir='ltr'><strong>in</strong></span> <span class='ocrx_word' id='word_1_367' title='bbox 1584 4462 1736 4546; x_wconf 85' lang='lat' dir='ltr'><strong>jure</strong></span> <span class='ocrx_word' id='word_1_368' title='bbox 1752 4506 1775 4545; x_wconf 88' lang='lat'><strong>,</strong></span> <span class='ocrx_word' id='word_1_369' title='bbox 1813 4459 1924 4525; x_wconf 77' lang='lat' dir='ltr'><strong>vel</strong></span> <span class='ocrx_word' id='word_1_370' title='bbox 1966 4459 2051 4525; x_wconf 85' lang='lat' dir='ltr'><strong>ad</strong></span> <span class='ocrx_word' id='word_1_371' title='bbox 2084 4460 2231 4545; x_wconf 78' lang='lat' dir='ltr'><strong>jus,</strong></span> <span class='ocrx_word' id='word_1_372' title='bbox 2296 4460 2528 4546; x_wconf 84' lang='lat' dir='ltr'><strong>siquod</strong></span> 
     </span>
    </p>
   </div>
  </div>
 </body>
</html>
