<?xml version="1.0" encoding="UTF-8"?>
<!DOCTYPE html PUBLIC "-//W3C//DTD XHTML 1.0 Transitional//EN"
    "http://www.w3.org/TR/xhtml1/DTD/xhtml1-transitional.dtd">
<html xmlns="http://www.w3.org/1999/xhtml" xml:lang="en" lang="en">
 <head>
  <title>
</title>
<meta http-equiv="Content-Type" content="text/html;charset=utf-8" />
  <meta name='ocr-system' content='tesseract 3.04.00' />
  <meta name='ocr-capabilities' content='ocr_page ocr_carea ocr_par ocr_line ocrx_word'/>
</head>
<body>
  <div class='ocr_page' id='page_1' title='image "./fontesiuriseccl00waltgoog_0505.png"; bbox 0 0 2959 4984; ppageno 0'>
   <div class='ocr_carea' id='block_1_1' title="bbox 757 266 2629 325">
    <p class='ocr_par' dir='ltr' id='par_1_1' title="bbox 757 266 2629 325">
     <span class='ocr_line' id='line_1_1' title="bbox 757 266 2629 325; baseline 0.003 -6"><span class='ocrx_word' id='word_1_1' title='bbox 757 266 1005 319; x_wconf 77' lang='lat' dir='ltr'>Lxxlx.</span> <span class='ocrx_word' id='word_1_2' title='bbox 1077 266 1424 320; x_wconf 64' lang='lat' dir='ltr'><strong>anonam</strong></span> <span class='ocrx_word' id='word_1_3' title='bbox 1462 267 2035 321; x_wconf 67' lang='lat' dir='ltr'>GANOBLLARIAE.</span> <span class='ocrx_word' id='word_1_4' title='bbox 2518 266 2629 325; x_wconf 73' lang='lat'><strong>485</strong></span> 
     </span>
    </p>
   </div>
   <div class='ocr_carea' id='block_1_2' title="bbox 181 430 2631 4557">
    <p class='ocr_par' dir='ltr' id='par_1_2' title="bbox 189 430 2631 2207">
     <span class='ocr_line' id='line_1_2' title="bbox 203 430 2624 523; baseline 0 -22"><span class='ocrx_word' id='word_1_5' title='bbox 203 431 624 501; x_wconf 73' lang='lat' dir='ltr'><strong>dimittendis</strong></span> <span class='ocrx_word' id='word_1_6' title='bbox 641 480 664 515; x_wconf 91' lang='lat'><strong>,</strong></span> <span class='ocrx_word' id='word_1_7' title='bbox 729 440 800 497; x_wconf 89' lang='lat' dir='ltr'><strong>et</strong></span> <span class='ocrx_word' id='word_1_8' title='bbox 837 430 1144 499; x_wconf 86' lang='lat' dir='ltr'><strong>cedendis</strong></span> <span class='ocrx_word' id='word_1_9' title='bbox 1187 454 1308 523; x_wconf 87' lang='lat' dir='ltr'><strong>pro</strong></span> <span class='ocrx_word' id='word_1_10' title='bbox 1354 440 1653 522; x_wconf 85' lang='lat' dir='ltr'><strong>tempore</strong></span> <span class='ocrx_word' id='word_1_11' title='bbox 1696 430 2039 499; x_wconf 78' lang='lat' dir='ltr'><strong>faciendae</strong></span> <span class='ocrx_word' id='word_1_12' title='bbox 2062 482 2085 517; x_wconf 91' lang='lat'><strong>,</strong></span> <span class='ocrx_word' id='word_1_13' title='bbox 2140 455 2291 503; x_wconf 86' lang='lat' dir='ltr'><strong>cum</strong></span> <span class='ocrx_word' id='word_1_14' title='bbox 2329 436 2485 503; x_wconf 88' lang='lat' dir='ltr'><strong>inde</strong></span> <span class='ocrx_word' id='word_1_15' title='bbox 2526 457 2624 502; x_wconf 88' lang='lat' dir='ltr'><strong>se-</strong></span> 
     </span>
     <span class='ocr_line' id='line_1_3' title="bbox 203 532 2630 621; baseline 0 -21"><span class='ocrx_word' id='word_1_16' title='bbox 203 533 432 621; x_wconf 71' lang='lat' dir='ltr'><strong>quntis</strong></span> <span class='ocrx_word' id='word_1_17' title='bbox 477 532 1016 619; x_wconf 83' lang='lat' dir='ltr'><strong>quibuscumque,</strong></span> <span class='ocrx_word' id='word_1_18' title='bbox 1063 554 1300 617; x_wconf 86' lang='lat' dir='ltr'><strong>cassae,</strong></span> <span class='ocrx_word' id='word_1_19' title='bbox 1345 542 1410 599; x_wconf 90' lang='lat' dir='ltr'><strong>et</strong></span> <span class='ocrx_word' id='word_1_20' title='bbox 1453 532 1679 599; x_wconf 80' lang='lat' dir='ltr'><strong>irritae</strong></span> <span class='ocrx_word' id='word_1_21' title='bbox 1703 581 1724 616; x_wconf 97' lang='lat'><strong>,</strong></span> <span class='ocrx_word' id='word_1_22' title='bbox 1767 532 2139 619; x_wconf 76' lang='lat' dir='ltr'>nulliusque</span> <span class='ocrx_word' id='word_1_23' title='bbox 2183 535 2469 620; x_wconf 82' lang='lat' dir='ltr'><strong>roboris,</strong></span> <span class='ocrx_word' id='word_1_24' title='bbox 2518 536 2630 601; x_wconf 89' lang='lat' dir='ltr'><strong>vel</strong></span> 
     </span>
     <span class='ocr_line' id='line_1_4' title="bbox 203 632 2631 721; baseline 0.001 -20"><span class='ocrx_word' id='word_1_25' title='bbox 203 634 528 702; x_wconf 83' lang='lat' dir='ltr'><strong>momenti</strong></span> <span class='ocrx_word' id='word_1_26' title='bbox 572 632 855 699; x_wconf 74' lang='lat' dir='ltr'><strong>existant</strong></span> <span class='ocrx_word' id='word_1_27' title='bbox 870 683 893 719; x_wconf 90' lang='lat'><strong>,</strong></span> <span class='ocrx_word' id='word_1_28' title='bbox 950 654 1074 699; x_wconf 90' lang='lat' dir='ltr'><strong>nec</strong></span> <span class='ocrx_word' id='word_1_29' title='bbox 1117 634 1417 720; x_wconf 87' lang='lat' dir='ltr'><strong>cuiquam</strong></span> <span class='ocrx_word' id='word_1_30' title='bbox 1460 634 1947 721; x_wconf 80' lang='lat' dir='ltr'><strong>suffragentur3</strong></span> <span class='ocrx_word' id='word_1_31' title='bbox 2008 636 2130 699; x_wconf 90' lang='lat' dir='ltr'><strong>sed</strong></span> <span class='ocrx_word' id='word_1_32' title='bbox 2166 636 2519 720; x_wconf 86' lang='lat' dir='ltr'><strong>beneficia,</strong></span> <span class='ocrx_word' id='word_1_33' title='bbox 2562 646 2631 703; x_wconf 90' lang='lat' dir='ltr'><strong>et</strong></span> 
     </span>
     <span class='ocr_line' id='line_1_5' title="bbox 195 733 2627 823; baseline -0.001 -22"><span class='ocrx_word' id='word_1_34' title='bbox 195 736 376 822; x_wconf 84' lang='lat' dir='ltr'><strong>jura,</strong></span> <span class='ocrx_word' id='word_1_35' title='bbox 422 745 496 800; x_wconf 92' lang='lat' dir='ltr'><strong>ut</strong></span> <span class='ocrx_word' id='word_1_36' title='bbox 543 736 942 823; x_wconf 82' lang='lat' dir='ltr'><strong>praefertur,</strong></span> <span class='ocrx_word' id='word_1_37' title='bbox 987 733 1355 821; x_wconf 86' lang='lat' dir='ltr'><strong>resignata,</strong></span> <span class='ocrx_word' id='word_1_38' title='bbox 1404 734 1687 818; x_wconf 87' lang='lat' dir='ltr'><strong>dimissa,</strong></span> <span class='ocrx_word' id='word_1_39' title='bbox 1734 744 1802 799; x_wconf 89' lang='lat' dir='ltr'><strong>et</strong></span> <span class='ocrx_word' id='word_1_40' title='bbox 1842 756 2023 799; x_wconf 88' lang='lat' dir='ltr'><strong>cessa</strong></span> <span class='ocrx_word' id='word_1_41' title='bbox 2064 754 2145 800; x_wconf 89' lang='lat' dir='ltr'><strong>eo</strong></span> <span class='ocrx_word' id='word_1_42' title='bbox 2184 734 2331 823; x_wconf 81' lang='lat' dir='ltr'><strong>ipso</strong></span> <span class='ocrx_word' id='word_1_43' title='bbox 2372 743 2627 819; x_wconf 86' lang='lat' dir='ltr'><strong>vacent,</strong></span> 
     </span>
     <span class='ocr_line' id='line_1_6' title="bbox 199 834 2626 923; baseline 0 -22"><span class='ocrx_word' id='word_1_44' title='bbox 199 858 278 901; x_wconf 91' lang='lat' dir='ltr'><strong>ac</strong></span> <span class='ocrx_word' id='word_1_45' title='bbox 329 836 454 901; x_wconf 88' lang='lat' dir='ltr'><strong>sub</strong></span> <span class='ocrx_word' id='word_1_46' title='bbox 493 834 940 901; x_wconf 75' lang='lat' dir='ltr'><strong>reservatione</strong></span> <span class='ocrx_word' id='word_1_47' title='bbox 985 834 1346 923; x_wconf 82' lang='lat' dir='ltr'><strong>praedicta,</strong></span> <span class='ocrx_word' id='word_1_48' title='bbox 1386 856 1581 921; x_wconf 83' lang='lat' dir='ltr'><strong>quam</strong></span> <span class='ocrx_word' id='word_1_49' title='bbox 1618 834 1941 905; x_wconf 71' lang='lat' dir='ltr'><strong>Sanctitas</strong></span> <span class='ocrx_word' id='word_1_50' title='bbox 1982 834 2123 903; x_wconf 86' lang='lat' dir='ltr'><strong>Sua</strong></span> <span class='ocrx_word' id='word_1_51' title='bbox 2170 836 2365 901; x_wconf 88' lang='lat' dir='ltr'><strong>etiam</strong></span> <span class='ocrx_word' id='word_1_52' title='bbox 2410 834 2626 921; x_wconf 88' lang='lat' dir='ltr'><strong>quoad</strong></span> 
     </span>
     <span class='ocr_line' id='line_1_7' title="bbox 199 934 2628 1025; baseline 0 -24"><span class='ocrx_word' id='word_1_53' title='bbox 199 936 336 1001; x_wconf 86' lang='lat' dir='ltr'><strong>hoe</strong></span> <span class='ocrx_word' id='word_1_54' title='bbox 379 934 680 1001; x_wconf 81' lang='lat' dir='ltr'><strong>extendit</strong></span> <span class='ocrx_word' id='word_1_55' title='bbox 698 986 720 1021; x_wconf 93' lang='lat'><strong>,</strong></span> <span class='ocrx_word' id='word_1_56' title='bbox 759 945 826 1001; x_wconf 88' lang='lat' dir='ltr'><strong>et</strong></span> <span class='ocrx_word' id='word_1_57' title='bbox 864 934 1202 1025; x_wconf 86' lang='lat' dir='ltr'><strong>ampliavit</strong></span> <span class='ocrx_word' id='word_1_58' title='bbox 1220 984 1241 1019; x_wconf 89' lang='lat'><strong>,</strong></span> <span class='ocrx_word' id='word_1_59' title='bbox 1285 935 1759 1025; x_wconf 86' lang='lat' dir='ltr'><strong>comprehensa</strong></span> <span class='ocrx_word' id='word_1_60' title='bbox 1806 944 2235 1001; x_wconf 76' lang='lat' dir='ltr'><strong>censeantur:</strong></span> <span class='ocrx_word' id='word_1_61' title='bbox 2300 936 2406 1003; x_wconf 89' lang='lat' dir='ltr'><strong>Ita</strong></span> <span class='ocrx_word' id='word_1_62' title='bbox 2453 936 2628 1023; x_wconf 88' lang='lat' dir='ltr'><strong>quod</strong></span> 
     </span>
     <span class='ocr_line' id='line_1_8' title="bbox 203 1034 2627 1125; baseline -0.002 -22"><span class='ocrx_word' id='word_1_63' title='bbox 203 1036 291 1103; x_wconf 90' lang='lat' dir='ltr'><strong>de</strong></span> <span class='ocrx_word' id='word_1_64' title='bbox 333 1036 472 1101; x_wconf 86' lang='lat' dir='ltr'><strong>illis</strong></span> <span class='ocrx_word' id='word_1_65' title='bbox 512 1057 634 1125; x_wconf 91' lang='lat' dir='ltr'><strong>per</strong></span> <span class='ocrx_word' id='word_1_66' title='bbox 675 1035 874 1101; x_wconf 88' lang='lat' dir='ltr'><strong>alium</strong></span> <span class='ocrx_word' id='word_1_67' title='bbox 895 1082 914 1114; x_wconf 89' lang='lat'><strong>,</strong></span> <span class='ocrx_word' id='word_1_68' title='bbox 977 1057 1172 1121; x_wconf 87' lang='lat' dir='ltr'><strong>quam</strong></span> <span class='ocrx_word' id='word_1_69' title='bbox 1217 1056 1338 1125; x_wconf 86' lang='lat' dir='ltr'><strong>per</strong></span> <span class='ocrx_word' id='word_1_70' title='bbox 1371 1036 1691 1105; x_wconf 63' lang='lat' dir='ltr'><strong>3eamdem</strong></span> <span class='ocrx_word' id='word_1_71' title='bbox 1732 1035 2159 1105; x_wconf 70' lang='lat' dir='ltr'><strong>sanctitatem</strong></span> <span class='ocrx_word' id='word_1_72' title='bbox 2200 1034 2405 1104; x_wconf 85' lang='lat' dir='ltr'><strong>Suam</strong></span> <span class='ocrx_word' id='word_1_73' title='bbox 2425 1086 2446 1120; x_wconf 90' lang='lat'><strong>,</strong></span> <span class='ocrx_word' id='word_1_74' title='bbox 2520 1035 2627 1100; x_wconf 77' lang='lat' dir='ltr'><strong>vel</strong></span> 
     </span>
     <span class='ocr_line' id='line_1_9' title="bbox 195 1135 2626 1225; baseline -0.001 -22"><span class='ocrx_word' id='word_1_75' title='bbox 195 1158 334 1225; x_wconf 87' lang='lat' dir='ltr'><strong>pro</strong></span> <span class='ocrx_word' id='word_1_76' title='bbox 382 1144 678 1225; x_wconf 78' lang='lat' dir='ltr'><strong>tempore</strong></span> <span class='ocrx_word' id='word_1_77' title='bbox 721 1137 1116 1201; x_wconf 79' lang='lat' dir='ltr'><strong>existentem</strong></span> <span class='ocrx_word' id='word_1_78' title='bbox 1151 1157 1492 1202; x_wconf 88' lang='lat' dir='ltr'><strong>romanum</strong></span> <span class='ocrx_word' id='word_1_79' title='bbox 1522 1136 1912 1203; x_wconf 86' lang='lat' dir='ltr'><strong>Pontificem</strong></span> <span class='ocrx_word' id='word_1_80' title='bbox 1950 1136 2323 1201; x_wconf 88' lang='lat' dir='ltr'><strong>nullatenus</strong></span> <span class='ocrx_word' id='word_1_81' title='bbox 2367 1135 2626 1225; x_wconf 83' lang='lat' dir='ltr'><strong>disponi</strong></span> 
     </span>
     <span class='ocr_line' id='line_1_10' title="bbox 195 1234 2623 1327; baseline -0.001 -26"><span class='ocrx_word' id='word_1_82' title='bbox 195 1236 434 1325; x_wconf 77' lang='lat' dir='ltr'><strong>possit,</strong></span> <span class='ocrx_word' id='word_1_83' title='bbox 475 1236 546 1301; x_wconf 90' lang='lat' dir='ltr'><strong>in</strong></span> <span class='ocrx_word' id='word_1_84' title='bbox 587 1236 882 1303; x_wconf 90' lang='lat' dir='ltr'><strong>omnibus</strong></span> <span class='ocrx_word' id='word_1_85' title='bbox 907 1286 930 1321; x_wconf 91' lang='lat'><strong>,</strong></span> <span class='ocrx_word' id='word_1_86' title='bbox 989 1246 1058 1301; x_wconf 90' lang='lat' dir='ltr'><strong>et</strong></span> <span class='ocrx_word' id='word_1_87' title='bbox 1101 1258 1226 1327; x_wconf 88' lang='lat' dir='ltr'><strong>per</strong></span> <span class='ocrx_word' id='word_1_88' title='bbox 1267 1235 1482 1302; x_wconf 89' lang='lat' dir='ltr'><strong>omnia</strong></span> <span class='ocrx_word' id='word_1_89' title='bbox 1523 1236 1799 1327; x_wconf 84' lang='lat' dir='ltr'><strong>perinde</strong></span> <span class='ocrx_word' id='word_1_90' title='bbox 1827 1287 1851 1323; x_wconf 86' lang='lat'><strong>,</strong></span> <span class='ocrx_word' id='word_1_91' title='bbox 1911 1259 1988 1302; x_wconf 88' lang='lat' dir='ltr'><strong>ac</strong></span> <span class='ocrx_word' id='word_1_92' title='bbox 2030 1236 2087 1300; x_wconf 91' lang='lat' dir='ltr'><strong>si</strong></span> <span class='ocrx_word' id='word_1_93' title='bbox 2122 1256 2245 1323; x_wconf 90' lang='lat' dir='ltr'><strong>per</strong></span> <span class='ocrx_word' id='word_1_94' title='bbox 2284 1234 2623 1325; x_wconf 82' lang='lat' dir='ltr'><strong>pacificam</strong></span> 
     </span>
     <span class='ocr_line' id='line_1_11' title="bbox 194 1334 2621 1423; baseline 0 -22"><span class='ocrx_word' id='word_1_95' title='bbox 194 1335 681 1403; x_wconf 76' lang='lat' dir='ltr'><strong>assecutionem</strong></span> <span class='ocrx_word' id='word_1_96' title='bbox 719 1336 1187 1403; x_wconf 87' lang='lat' dir='ltr'><strong>beneficiorum</strong></span> <span class='ocrx_word' id='word_1_97' title='bbox 1249 1336 1529 1402; x_wconf 85' lang='lat' dir='ltr'><strong>aliorum</strong></span> <span class='ocrx_word' id='word_1_98' title='bbox 1571 1336 1945 1423; x_wconf 89' lang='lat' dir='ltr'><strong>hujusmodi</strong></span> <span class='ocrx_word' id='word_1_99' title='bbox 1985 1357 2180 1419; x_wconf 87' lang='lat' dir='ltr'><strong>vere,</strong></span> <span class='ocrx_word' id='word_1_100' title='bbox 2238 1357 2312 1401; x_wconf 92' lang='lat' dir='ltr'><strong>ac</strong></span> <span class='ocrx_word' id='word_1_101' title='bbox 2351 1334 2621 1401; x_wconf 84' lang='lat' dir='ltr'><strong>realiter</strong></span> 
     </span>
     <span class='ocr_line' id='line_1_12' title="bbox 197 1434 2615 1524; baseline 0.001 -25"><span class='ocrx_word' id='word_1_102' title='bbox 197 1436 630 1503; x_wconf 82' lang='lat' dir='ltr'><strong>vacavissent.</strong></span> <span class='ocrx_word' id='word_1_103' title='bbox 732 1437 838 1503; x_wconf 88' lang='lat' dir='ltr'><strong>Ac</strong></span> <span class='ocrx_word' id='word_1_104' title='bbox 883 1436 1160 1503; x_wconf 88' lang='lat' dir='ltr'><strong>ulterius</strong></span> <span class='ocrx_word' id='word_1_105' title='bbox 1202 1436 1412 1501; x_wconf 83' lang='lat' dir='ltr'><strong>voluit</strong></span> <span class='ocrx_word' id='word_1_106' title='bbox 1451 1436 1843 1503; x_wconf 87' lang='lat' dir='ltr'><strong>beneficium</strong></span> <span class='ocrx_word' id='word_1_107' title='bbox 1857 1486 1878 1520; x_wconf 88' lang='lat'><strong>,</strong></span> <span class='ocrx_word' id='word_1_108' title='bbox 1946 1434 2031 1503; x_wconf 81' lang='lat' dir='ltr'><strong>de</strong></span> <span class='ocrx_word' id='word_1_109' title='bbox 2086 1460 2215 1524; x_wconf 83' lang='lat' dir='ltr'><strong>quo</strong></span> <span class='ocrx_word' id='word_1_110' title='bbox 2272 1435 2615 1522; x_wconf 73' lang='lat' dir='ltr'><strong>resignans</strong></span> 
     </span>
     <span class='ocr_line' id='line_1_13' title="bbox 191 1536 2603 1625; baseline 0.002 -24"><span class='ocrx_word' id='word_1_111' title='bbox 191 1536 400 1603; x_wconf 80' lang='lat' dir='ltr'><strong>fuerit</strong></span> <span class='ocrx_word' id='word_1_112' title='bbox 445 1536 824 1603; x_wconf 81' lang='lat' dir='ltr'><strong>anctoritate</strong></span> <span class='ocrx_word' id='word_1_113' title='bbox 867 1536 1224 1625; x_wconf 87' lang='lat' dir='ltr'><strong>apostolica</strong></span> <span class='ocrx_word' id='word_1_114' title='bbox 1263 1536 1565 1625; x_wconf 87' lang='lat' dir='ltr'><strong>provisus</strong></span> <span class='ocrx_word' id='word_1_115' title='bbox 1581 1584 1603 1621; x_wconf 92' lang='lat'><strong>,</strong></span> <span class='ocrx_word' id='word_1_116' title='bbox 1671 1558 1747 1603; x_wconf 88' lang='lat' dir='ltr'><strong>ac</strong></span> <span class='ocrx_word' id='word_1_117' title='bbox 1788 1559 1909 1625; x_wconf 88' lang='lat' dir='ltr'><strong>per</strong></span> <span class='ocrx_word' id='word_1_118' title='bbox 1976 1538 2158 1624; x_wconf 87' lang='lat' dir='ltr'><strong>cujus</strong></span> <span class='ocrx_word' id='word_1_119' title='bbox 2202 1538 2603 1625; x_wconf 86' lang='lat' dir='ltr'><strong>assequutio-</strong></span> 
     </span>
     <span class='ocr_line' id='line_1_14' title="bbox 199 1636 2617 1727; baseline 0 -24"><span class='ocrx_word' id='word_1_120' title='bbox 199 1658 360 1705; x_wconf 87' lang='lat' dir='ltr'><strong>nem</strong></span> <span class='ocrx_word' id='word_1_121' title='bbox 381 1636 726 1705; x_wconf 66' lang='lat' dir='ltr'><strong>beneficia</strong></span> <span class='ocrx_word' id='word_1_122' title='bbox 767 1658 1003 1703; x_wconf 85' lang='lat' dir='ltr'><strong>vacare</strong></span> <span class='ocrx_word' id='word_1_123' title='bbox 1051 1636 1396 1721; x_wconf 88' lang='lat' dir='ltr'><strong>debebant,</strong></span> <span class='ocrx_word' id='word_1_124' title='bbox 1438 1647 1512 1702; x_wconf 92' lang='lat' dir='ltr'><strong>ut</strong></span> <span class='ocrx_word' id='word_1_125' title='bbox 1552 1637 1735 1725; x_wconf 87' lang='lat' dir='ltr'><strong>prius</strong></span> <span class='ocrx_word' id='word_1_126' title='bbox 1776 1658 2032 1722; x_wconf 85' lang='lat' dir='ltr'><strong>vacare,</strong></span> <span class='ocrx_word' id='word_1_127' title='bbox 2074 1638 2349 1727; x_wconf 84' lang='lat' dir='ltr'><strong>perinde</strong></span> <span class='ocrx_word' id='word_1_128' title='bbox 2370 1689 2391 1724; x_wconf 88' lang='lat'><strong>,</strong></span> <span class='ocrx_word' id='word_1_129' title='bbox 2434 1660 2511 1705; x_wconf 88' lang='lat' dir='ltr'><strong>ac</strong></span> <span class='ocrx_word' id='word_1_130' title='bbox 2556 1639 2617 1704; x_wconf 85' lang='lat' dir='ltr'><strong>si</strong></span> 
     </span>
     <span class='ocr_line' id='line_1_15' title="bbox 197 1736 2612 1825; baseline 0 -22"><span class='ocrx_word' id='word_1_131' title='bbox 197 1736 471 1803; x_wconf 85' lang='lat' dir='ltr'><strong>collatio</strong></span> <span class='ocrx_word' id='word_1_132' title='bbox 511 1736 736 1803; x_wconf 83' lang='lat' dir='ltr'><strong>favore</strong></span> <span class='ocrx_word' id='word_1_133' title='bbox 775 1736 1170 1825; x_wconf 77' lang='lat' dir='ltr'><strong>resignantis</strong></span> <span class='ocrx_word' id='word_1_134' title='bbox 1231 1736 1405 1803; x_wconf 85' lang='lat' dir='ltr'><strong>facta</strong></span> <span class='ocrx_word' id='word_1_135' title='bbox 1469 1760 1605 1803; x_wconf 91' lang='lat' dir='ltr'><strong>non</strong></span> <span class='ocrx_word' id='word_1_136' title='bbox 1640 1737 1901 1823; x_wconf 85' lang='lat' dir='ltr'><strong>fuisset,</strong></span> <span class='ocrx_word' id='word_1_137' title='bbox 1955 1738 2151 1805; x_wconf 89' lang='lat' dir='ltr'><strong>salvis</strong></span> <span class='ocrx_word' id='word_1_138' title='bbox 2210 1748 2431 1805; x_wconf 87' lang='lat' dir='ltr'><strong>tamen</strong></span> <span class='ocrx_word' id='word_1_139' title='bbox 2472 1738 2612 1825; x_wconf 85' lang='lat' dir='ltr'><strong>qui·</strong></span> 
     </span>
     <span class='ocr_line' id='line_1_16' title="bbox 193 1835 2601 1927; baseline 0.001 -24"><span class='ocrx_word' id='word_1_140' title='bbox 193 1838 602 1923; x_wconf 77' lang='lat' dir='ltr'><strong>buscnmque</strong></span> <span class='ocrx_word' id='word_1_141' title='bbox 631 1836 894 1923; x_wconf 85' lang='lat' dir='ltr'><strong>juribus</strong></span> <span class='ocrx_word' id='word_1_142' title='bbox 935 1835 1452 1925; x_wconf 87' lang='lat' dir='ltr'><strong>competentibus</strong></span> <span class='ocrx_word' id='word_1_143' title='bbox 1492 1837 1681 1903; x_wconf 86' lang='lat' dir='ltr'><strong>alteri</strong></span> <span class='ocrx_word' id='word_1_144' title='bbox 1722 1839 1913 1927; x_wconf 84' lang='lat' dir='ltr'><strong>parti,</strong></span> <span class='ocrx_word' id='word_1_145' title='bbox 1952 1840 2039 1904; x_wconf 83' lang='lat' dir='ltr'><strong>ad</strong></span> <span class='ocrx_word' id='word_1_146' title='bbox 2079 1841 2261 1926; x_wconf 88' lang='lat' dir='ltr'><strong>cujus</strong></span> <span class='ocrx_word' id='word_1_147' title='bbox 2308 1840 2601 1906; x_wconf 85' lang='lat' dir='ltr'><strong>favorem</strong></span> 
     </span>
     <span class='ocr_line' id='line_1_17' title="bbox 193 1936 2603 2027; baseline 0.003 -25"><span class='ocrx_word' id='word_1_148' title='bbox 193 1937 366 2003; x_wconf 77' lang='lat' dir='ltr'><strong>faeta</strong></span> <span class='ocrx_word' id='word_1_149' title='bbox 409 1948 583 2005; x_wconf 85' lang='lat' dir='ltr'><strong>esset</strong></span> <span class='ocrx_word' id='word_1_150' title='bbox 625 1937 1006 2025; x_wconf 83' lang='lat' dir='ltr'><strong>resignatio,</strong></span> <span class='ocrx_word' id='word_1_151' title='bbox 1047 1936 1241 2003; x_wconf 85' lang='lat' dir='ltr'><strong>etiam</strong></span> <span class='ocrx_word' id='word_1_152' title='bbox 1283 1957 1370 2003; x_wconf 82' lang='lat' dir='ltr'><strong>ex</strong></span> <span class='ocrx_word' id='word_1_153' title='bbox 1415 1960 1610 2003; x_wconf 87' lang='lat' dir='ltr'><strong>causa</strong></span> <span class='ocrx_word' id='word_1_154' title='bbox 1654 1940 2154 2027; x_wconf 80' lang='lat' dir='ltr'><strong>permutationis</strong></span> <span class='ocrx_word' id='word_1_155' title='bbox 2172 1988 2195 2023; x_wconf 91' lang='lat'><strong>,</strong></span> <span class='ocrx_word' id='word_1_156' title='bbox 2234 1938 2603 2025; x_wconf 83' lang='lat' dir='ltr'><strong>summarie,</strong></span> 
     </span>
     <span class='ocr_line' id='line_1_18' title="bbox 189 2038 2601 2128; baseline -0.002 -19"><span class='ocrx_word' id='word_1_157' title='bbox 189 2038 582 2128; x_wconf 71' lang='lat' dir='ltr'><strong>simpliciter</strong></span> <span class='ocrx_word' id='word_1_158' title='bbox 597 2087 618 2123; x_wconf 86' lang='lat'><strong>,</strong></span> <span class='ocrx_word' id='word_1_159' title='bbox 659 2049 726 2105; x_wconf 91' lang='lat' dir='ltr'><strong>et</strong></span> <span class='ocrx_word' id='word_1_160' title='bbox 773 2038 1210 2127; x_wconf 79' lang='lat' dir='ltr'><strong>appellatione</strong></span> <span class='ocrx_word' id='word_1_161' title='bbox 1253 2048 1507 2105; x_wconf 88' lang='lat' dir='ltr'><strong>remota</strong></span> <span class='ocrx_word' id='word_1_162' title='bbox 1546 2040 1955 2106; x_wconf 79' lang='lat' dir='ltr'><strong>exercendis</strong></span> <span class='ocrx_word' id='word_1_163' title='bbox 2033 2041 2421 2108; x_wconf 89' lang='lat' dir='ltr'><strong>Decernens</strong></span> <span class='ocrx_word' id='word_1_164' title='bbox 2458 2039 2601 2105; x_wconf 89' lang='lat' dir='ltr'><strong>irri</strong></span> 
     </span>
     <span class='ocr_line' id='line_1_19' title="bbox 190 2139 866 2208; baseline 0.003 -3"><span class='ocrx_word' id='word_1_165' title='bbox 190 2148 342 2205; x_wconf 75' lang='lat' dir='ltr'><strong>tum</strong></span> <span class='ocrx_word' id='word_1_166' title='bbox 389 2149 510 2206; x_wconf 88' lang='lat' dir='ltr'><strong>etc.</strong></span> <span class='ocrx_word' id='word_1_167' title='bbox 545 2139 866 2208; x_wconf 85' lang='lat' dir='ltr'><strong>attentari.</strong></span> 
     </span>
    </p>

    <p class='ocr_par' dir='ltr' id='par_1_3' title="bbox 181 2238 2611 4233">
     <span class='ocr_line' id='line_1_20' title="bbox 368 2238 2611 2330; baseline 0 -25"><span class='ocrx_word' id='word_1_168' title='bbox 368 2243 432 2322; x_wconf 64' lang='grc' dir='ltr'><strong>ξ.</strong></span> <span class='ocrx_word' id='word_1_169' title='bbox 469 2241 534 2305; x_wconf 84' lang='grc'><strong>4.</strong></span> <span class='ocrx_word' id='word_1_170' title='bbox 621 2240 792 2306; x_wconf 87' lang='lat' dir='ltr'><strong>Item</strong></span> <span class='ocrx_word' id='word_1_171' title='bbox 834 2238 1194 2306; x_wconf 81' lang='lat' dir='ltr'><strong>reservavit</strong></span> <span class='ocrx_word' id='word_1_172' title='bbox 1253 2238 1657 2327; x_wconf 80' lang='lat' dir='ltr'><strong>generaliter</strong></span> <span class='ocrx_word' id='word_1_173' title='bbox 1698 2238 2105 2330; x_wconf 85' lang='lat' dir='ltr'><strong>dispositioni</strong></span> <span class='ocrx_word' id='word_1_174' title='bbox 2162 2261 2316 2305; x_wconf 87' lang='lat' dir='ltr'><strong>suae</strong></span> <span class='ocrx_word' id='word_1_175' title='bbox 2384 2261 2611 2305; x_wconf 82' lang='lat' dir='ltr'><strong>omnes</strong></span> 
     </span>
     <span class='ocr_line' id='line_1_21' title="bbox 187 2338 2609 2429; baseline -0.001 -22"><span class='ocrx_word' id='word_1_176' title='bbox 187 2340 554 2427; x_wconf 74' lang='lat' dir='ltr'><strong>dignitates</strong></span> <span class='ocrx_word' id='word_1_177' title='bbox 595 2342 718 2429; x_wconf 83' lang='lat' dir='ltr'><strong>maj</strong></span> <span class='ocrx_word' id='word_1_178' title='bbox 728 2340 874 2407; x_wconf 80' lang='lat' dir='ltr'><strong>or&#39;es</strong></span> <span class='ocrx_word' id='word_1_179' title='bbox 919 2349 1070 2429; x_wconf 84' lang='lat' dir='ltr'><strong>post</strong></span> <span class='ocrx_word' id='word_1_180' title='bbox 1109 2339 1579 2429; x_wconf 82' lang='lat' dir='ltr'><strong>pontificales</strong></span> <span class='ocrx_word' id='word_1_181' title='bbox 1560 2362 1629 2405; x_wconf 88' lang='grc' dir='ltr'><strong>ιιι</strong></span> <span class='ocrx_word' id='word_1_182' title='bbox 1666 2338 2184 2424; x_wconf 83' lang='lat' dir='ltr'><strong>cathedralibus,</strong></span> <span class='ocrx_word' id='word_1_183' title='bbox 2226 2339 2425 2405; x_wconf 88' lang='lat' dir='ltr'><strong>etiam</strong></span> <span class='ocrx_word' id='word_1_184' title='bbox 2474 2360 2609 2405; x_wconf 91' lang='lat' dir='ltr'><strong>me</strong></span> 
     </span>
     <span class='ocr_line' id='line_1_22' title="bbox 194 2390 2609 2531; baseline -0 -24"><span class='ocrx_word' id='word_1_185' title='bbox 194 2440 645 2531; x_wconf 73' lang='lat' dir='ltr'><strong>tropolitanis,</strong></span> <span class='ocrx_word' id='word_1_186' title='bbox 701 2451 770 2506; x_wconf 90' lang='lat' dir='ltr'><strong>et</strong></span> <span class='ocrx_word' id='word_1_187' title='bbox 807 2440 1378 2531; x_wconf 76' lang='lat' dir='ltr'><strong>patriarchalibus,</strong></span> <span class='ocrx_word' id='word_1_188' title='bbox 1445 2462 1571 2505; x_wconf 89' lang='lat' dir='ltr'><strong>nec</strong></span> <span class='ocrx_word' id='word_1_189' title='bbox 1612 2462 1748 2505; x_wconf 88' lang='lat' dir='ltr'><strong>non</strong></span> <span class='ocrx_word' id='word_1_190' title='bbox 1804 2439 2097 2506; x_wconf 88' lang='lat' dir='ltr'><strong>valorem</strong></span> <span class='ocrx_word' id='word_1_191' title='bbox 2148 2390 2377 2507; x_wconf 82' lang='lat' dir='ltr'><strong>decem</strong></span> <span class='ocrx_word' id='word_1_192' title='bbox 2418 2440 2609 2506; x_wconf 87' lang='lat' dir='ltr'><strong>flore·</strong></span> 
     </span>
     <span class='ocr_line' id='line_1_23' title="bbox 191 2538 2607 2633; baseline -0.002 -25"><span class='ocrx_word' id='word_1_193' title='bbox 191 2562 438 2609; x_wconf 85' lang='lat' dir='ltr'><strong>norum</strong></span> <span class='ocrx_word' id='word_1_194' title='bbox 473 2542 613 2609; x_wconf 82' lang='lat' dir='ltr'><strong>auri</strong></span> <span class='ocrx_word' id='word_1_195' title='bbox 656 2538 983 2611; x_wconf 79' lang='lat' dir='ltr'><strong>communi</strong></span> <span class='ocrx_word' id='word_1_196' title='bbox 1025 2544 1472 2613; x_wconf 74' lang='lat' dir='ltr'><strong>aestimatione</strong></span> <span class='ocrx_word' id='word_1_197' title='bbox 1506 2543 1904 2611; x_wconf 84' lang='lat' dir='ltr'><strong>excedentes</strong></span> <span class='ocrx_word' id='word_1_198' title='bbox 1930 2539 2385 2633; x_wconf 80' lang='lat' dir='ltr'><strong>principales&#39;</strong></span> <span class='ocrx_word' id='word_1_199' title='bbox 2364 2564 2433 2605; x_wconf 90' lang='grc' dir='ltr'><strong>ιιι</strong></span> <span class='ocrx_word' id='word_1_200' title='bbox 2472 2541 2607 2605; x_wconf 88' lang='lat' dir='ltr'><strong>col-</strong></span> 
     </span>
     <span class='ocr_line' id='line_1_24' title="bbox 189 2642 2602 2733; baseline -0.002 -24"><span class='ocrx_word' id='word_1_201' title='bbox 189 2642 462 2729; x_wconf 87' lang='lat' dir='ltr'><strong>legiatis</strong></span> <span class='ocrx_word' id='word_1_202' title='bbox 507 2644 817 2711; x_wconf 86' lang='lat' dir='ltr'><strong>ecclesiis.</strong></span> <span class='ocrx_word' id='word_1_203' title='bbox 867 2644 1252 2713; x_wconf 78' lang='lat' dir='ltr'><strong>Reservavit</strong></span> <span class='ocrx_word' id='word_1_204' title='bbox 1297 2644 1503 2710; x_wconf 88' lang='lat' dir='ltr'><strong>etiam</strong></span> <span class='ocrx_word' id='word_1_205' title='bbox 1514 2644 1857 2733; x_wconf 85' lang='lat' dir='ltr'><strong>prioratus,</strong></span> <span class='ocrx_word' id='word_1_206' title='bbox 1891 2643 2391 2733; x_wconf 85' lang='lat' dir='ltr'><strong>praeposituras,</strong></span> <span class='ocrx_word' id='word_1_207' title='bbox 2416 2661 2602 2729; x_wconf 87' lang='lat' dir='ltr'><strong>prae-</strong></span> 
     </span>
     <span class='ocr_line' id='line_1_25' title="bbox 195 2742 2608 2834; baseline -0.001 -26"><span class='ocrx_word' id='word_1_208' title='bbox 195 2742 544 2831; x_wconf 81' lang='lat' dir='ltr'><strong>positatus,</strong></span> <span class='ocrx_word' id='word_1_209' title='bbox 585 2768 664 2811; x_wconf 83' lang='lat' dir='ltr'><strong>ac</strong></span> <span class='ocrx_word' id='word_1_210' title='bbox 703 2746 862 2813; x_wconf 84' lang='lat' dir='ltr'><strong>alias</strong></span> <span class='ocrx_word' id='word_1_211' title='bbox 907 2746 1260 2834; x_wconf 77' lang='lat' dir='ltr'><strong>dignitates</strong></span> <span class='ocrx_word' id='word_1_212' title='bbox 1305 2744 1767 2811; x_wconf 81' lang='lat' dir='ltr'><strong>conventuales</strong></span> <span class='ocrx_word' id='word_1_213' title='bbox 1789 2792 1811 2829; x_wconf 93' lang='lat'><strong>,</strong></span> <span class='ocrx_word' id='word_1_214' title='bbox 1858 2755 1923 2809; x_wconf 88' lang='lat' dir='ltr'><strong>et</strong></span> <span class='ocrx_word' id='word_1_215' title='bbox 1964 2742 2445 2833; x_wconf 86' lang='lat' dir='ltr'><strong>praeceptorias</strong></span> <span class='ocrx_word' id='word_1_216' title='bbox 2492 2762 2608 2828; x_wconf 85' lang='lat' dir='ltr'><strong>ge-</strong></span> 
     </span>
     <span class='ocr_line' id='line_1_26' title="bbox 188 2842 2600 2933; baseline -0 -24"><span class='ocrx_word' id='word_1_217' title='bbox 188 2844 456 2909; x_wconf 85' lang='lat' dir='ltr'><strong>nerales</strong></span> <span class='ocrx_word' id='word_1_218' title='bbox 497 2844 802 2913; x_wconf 84' lang='lat' dir='ltr'><strong>ordinum</strong></span> <span class='ocrx_word' id='word_1_219' title='bbox 851 2868 1406 2933; x_wconf 86' lang='lat' dir='ltr'><strong>quorumcumque</strong></span> <span class='ocrx_word' id='word_1_220' title='bbox 1449 2845 1597 2931; x_wconf 88' lang='lat' dir='ltr'><strong>(sed</strong></span> <span class='ocrx_word' id='word_1_221' title='bbox 1636 2866 1771 2911; x_wconf 88' lang='lat' dir='ltr'><strong>non</strong></span> <span class='ocrx_word' id='word_1_222' title='bbox 1812 2842 2245 2930; x_wconf 76' lang='lat' dir='ltr'><strong>militiarum),</strong></span> <span class='ocrx_word' id='word_1_223' title='bbox 2288 2866 2365 2909; x_wconf 90' lang='lat' dir='ltr'><strong>ac</strong></span> <span class='ocrx_word' id='word_1_224' title='bbox 2407 2862 2600 2930; x_wconf 69' lang='lat' dir='ltr'><strong>quae÷</strong></span> 
     </span>
     <span class='ocr_line' id='line_1_27' title="bbox 193 2944 2603 3035; baseline -0.001 -24"><span class='ocrx_word' id='word_1_225' title='bbox 193 2968 478 3033; x_wconf 84' lang='lat' dir='ltr'><strong>cumque</strong></span> <span class='ocrx_word' id='word_1_226' title='bbox 531 2948 871 3032; x_wconf 84' lang='lat' dir='ltr'><strong>beneficia,</strong></span> <span class='ocrx_word' id='word_1_227' title='bbox 919 2970 1086 3035; x_wconf 84' lang='lat' dir='ltr'><strong>quae</strong></span> <span class='ocrx_word' id='word_1_228' title='bbox 1129 2949 1265 3034; x_wconf 88' lang='lat' dir='ltr'><strong>sui,</strong></span> <span class='ocrx_word' id='word_1_229' title='bbox 1325 2948 1523 3016; x_wconf 87' lang='lat' dir='ltr'><strong>etiam</strong></span> <span class='ocrx_word' id='word_1_230' title='bbox 1579 2946 1734 3015; x_wconf 87' lang='lat' dir='ltr'><strong>dum</strong></span> <span class='ocrx_word' id='word_1_231' title='bbox 1776 2946 2231 3017; x_wconf 85' lang='lat' dir='ltr'><strong>Cardinalatus</strong></span> <span class='ocrx_word' id='word_1_232' title='bbox 2288 2944 2603 3031; x_wconf 85' lang='lat' dir='ltr'><strong>fungeba-</strong></span> 
     </span>
     <span class='ocr_line' id='line_1_28' title="bbox 189 3048 2602 3137; baseline -0 -24"><span class='ocrx_word' id='word_1_233' title='bbox 189 3056 304 3113; x_wconf 85' lang='lat' dir='ltr'><strong>tur</strong></span> <span class='ocrx_word' id='word_1_234' title='bbox 344 3048 615 3134; x_wconf 79' lang='lat' dir='ltr'><strong>honore,</strong></span> <span class='ocrx_word' id='word_1_235' title='bbox 652 3051 1028 3137; x_wconf 84' lang='lat' dir='ltr'><strong>existentes,</strong></span> <span class='ocrx_word' id='word_1_236' title='bbox 1073 3074 1149 3118; x_wconf 88' lang='lat' dir='ltr'><strong>ac</strong></span> <span class='ocrx_word' id='word_1_237' title='bbox 1189 3053 1259 3122; x_wconf 81' lang='lat' dir='ltr'><strong>S.</strong></span> <span class='ocrx_word' id='word_1_238' title='bbox 1277 3053 1357 3121; x_wconf 82' lang='lat' dir='ltr'><strong>R.</strong></span> <span class='ocrx_word' id='word_1_239' title='bbox 1383 3052 1460 3119; x_wconf 84' lang='lat' dir='ltr'><strong>E.</strong></span> <span class='ocrx_word' id='word_1_240' title='bbox 1498 3050 1855 3119; x_wconf 82' lang='lat' dir='ltr'><strong>viventium</strong></span> <span class='ocrx_word' id='word_1_241' title='bbox 1899 3074 2093 3137; x_wconf 87' lang='lat' dir='ltr'><strong>nunc,</strong></span> <span class='ocrx_word' id='word_1_242' title='bbox 2142 3058 2211 3115; x_wconf 87' lang='lat' dir='ltr'><strong>et</strong></span> <span class='ocrx_word' id='word_1_243' title='bbox 2250 3049 2362 3137; x_wconf 88' lang='lat' dir='ltr'><strong>qui</strong></span> <span class='ocrx_word' id='word_1_244' title='bbox 2410 3056 2602 3114; x_wconf 87' lang='lat' dir='ltr'><strong>erunt</strong></span> 
     </span>
     <span class='ocr_line' id='line_1_29' title="bbox 189 3151 2599 3241; baseline 0 -25"><span class='ocrx_word' id='word_1_245' title='bbox 189 3172 320 3241; x_wconf 88' lang='lat' dir='ltr'><strong>pro</strong></span> <span class='ocrx_word' id='word_1_246' title='bbox 363 3161 662 3239; x_wconf 86' lang='lat' dir='ltr'><strong>tempore</strong></span> <span class='ocrx_word' id='word_1_247' title='bbox 707 3154 1160 3225; x_wconf 85' lang='lat' dir='ltr'><strong>Oardinalium</strong></span> <span class='ocrx_word' id='word_1_248' title='bbox 1223 3157 1576 3223; x_wconf 82' lang='lat' dir='ltr'><strong>familiares</strong></span> <span class='ocrx_word' id='word_1_249' title='bbox 1631 3154 1917 3221; x_wconf 87' lang='lat' dir='ltr'><strong>continui</strong></span> <span class='ocrx_word' id='word_1_250' title='bbox 1978 3153 2445 3219; x_wconf 81' lang='lat' dir='ltr'><strong>commensales</strong></span> <span class='ocrx_word' id='word_1_251' title='bbox 2486 3151 2599 3217; x_wconf 86' lang='lat' dir='ltr'><strong>ob-</strong></span> 
     </span>
     <span class='ocr_line' id='line_1_30' title="bbox 185 3251 2598 3349; baseline 0 -26"><span class='ocrx_word' id='word_1_252' title='bbox 185 3251 405 3317; x_wconf 71' lang='lat' dir='ltr'><strong>tinent</strong></span> <span class='ocrx_word' id='word_1_253' title='bbox 425 3298 450 3333; x_wconf 80' lang='lat'><em>‚</em></span> <span class='ocrx_word' id='word_1_254' title='bbox 513 3260 580 3316; x_wconf 76' lang='lat' dir='ltr'><strong>et</strong></span> <span class='ocrx_word' id='word_1_255' title='bbox 643 3258 711 3323; x_wconf 90' lang='lat' dir='ltr'><strong>in</strong></span> <span class='ocrx_word' id='word_1_256' title='bbox 751 3270 1088 3349; x_wconf 88' lang='lat' dir='ltr'><strong>posterum</strong></span> <span class='ocrx_word' id='word_1_257' title='bbox 1131 3258 1517 3325; x_wconf 85' lang='lat' dir='ltr'><strong>obtinebunt</strong></span> <span class='ocrx_word' id='word_1_258' title='bbox 1552 3278 1780 3323; x_wconf 88' lang='lat' dir='ltr'><strong>eorum</strong></span> <span class='ocrx_word' id='word_1_259' title='bbox 1826 3255 2257 3323; x_wconf 84' lang='lat' dir='ltr'><strong>familiaritate</strong></span> <span class='ocrx_word' id='word_1_260' title='bbox 2298 3257 2598 3344; x_wconf 86' lang='lat' dir='ltr'><strong>durante,</strong></span> 
     </span>
     <span class='ocr_line' id='line_1_31' title="bbox 185 3357 2598 3449; baseline -0.001 -24"><span class='ocrx_word' id='word_1_261' title='bbox 185 3382 268 3425; x_wconf 88' lang='lat' dir='ltr'><strong>ac</strong></span> <span class='ocrx_word' id='word_1_262' title='bbox 315 3358 388 3423; x_wconf 89' lang='lat' dir='ltr'><strong>in</strong></span> <span class='ocrx_word' id='word_1_263' title='bbox 429 3358 660 3443; x_wconf 86' lang='lat' dir='ltr'><strong>quibus</strong></span> <span class='ocrx_word' id='word_1_264' title='bbox 683 3410 704 3445; x_wconf 87' lang='lat'><em>‚</em></span> <span class='ocrx_word' id='word_1_265' title='bbox 772 3380 888 3449; x_wconf 81' lang='lat' dir='ltr'><strong>seu</strong></span> <span class='ocrx_word' id='word_1_266' title='bbox 947 3360 1032 3423; x_wconf 89' lang='lat' dir='ltr'><strong>ad</strong></span> <span class='ocrx_word' id='word_1_267' title='bbox 1074 3381 1238 3444; x_wconf 90' lang='lat' dir='ltr'><strong>quae</strong></span> <span class='ocrx_word' id='word_1_268' title='bbox 1291 3360 1399 3446; x_wconf 88' lang='lat' dir='ltr'><strong>jus</strong></span> <span class='ocrx_word' id='word_1_269' title='bbox 1443 3357 1536 3423; x_wconf 87' lang='lat' dir='ltr'><strong>eis</strong></span> <span class='ocrx_word' id='word_1_270' title='bbox 1582 3357 1925 3445; x_wconf 85' lang='lat' dir='ltr'><strong>competit,</strong></span> <span class='ocrx_word' id='word_1_271' title='bbox 2004 3366 2117 3423; x_wconf 89' lang='lat' dir='ltr'><strong>aut</strong></span> <span class='ocrx_word' id='word_1_272' title='bbox 2170 3358 2598 3448; x_wconf 85' lang='lat' dir='ltr'><strong>competierit,</strong></span> 
     </span>
     <span class='ocr_line' id='line_1_32' title="bbox 187 3457 2592 3548; baseline 0 -23"><span class='ocrx_word' id='word_1_273' title='bbox 187 3458 446 3525; x_wconf 87' lang='lat' dir='ltr'><strong>etiamsi</strong></span> <span class='ocrx_word' id='word_1_274' title='bbox 492 3461 572 3525; x_wconf 87' lang='lat' dir='ltr'><strong>ab</strong></span> <span class='ocrx_word' id='word_1_275' title='bbox 617 3460 638 3524; x_wconf 85' lang='lat' dir='ltr'><strong>i</strong></span> <span class='ocrx_word' id='word_1_276' title='bbox 689 3482 760 3524; x_wconf 85' lang='lat' dir='ltr'><strong>sa</strong></span> <span class='ocrx_word' id='word_1_277' title='bbox 797 3459 1232 3525; x_wconf 85' lang='lat' dir='ltr'><strong>familiaritate</strong></span> <span class='ocrx_word' id='word_1_278' title='bbox 1272 3480 1392 3548; x_wconf 89' lang='lat' dir='ltr'><strong>per</strong></span> <span class='ocrx_word' id='word_1_279' title='bbox 1432 3458 1678 3524; x_wconf 87' lang='lat' dir='ltr'><strong>obitum</strong></span> <span class='ocrx_word' id='word_1_280' title='bbox 1704 3457 2153 3526; x_wconf 71' lang='lat' dir='ltr'><strong>cardinalium</strong></span> <span class='ocrx_word' id='word_1_281' title='bbox 2190 3459 2592 3543; x_wconf 85' lang='lat' dir='ltr'><strong>eorumdem,</strong></span> 
     </span>
     <span class='ocr_line' id='line_1_33' title="bbox 183 3484 2593 3645; baseline 0 -20"><span class='ocrx_word' id='word_1_282' title='bbox 183 3561 302 3626; x_wconf 78' lang='lat' dir='ltr'><strong>vel</strong></span> <span class='ocrx_word' id='word_1_283' title='bbox 349 3559 506 3625; x_wconf 88' lang='lat' dir='ltr'><strong>alias</strong></span> <span class='ocrx_word' id='word_1_284' title='bbox 550 3484 960 3626; x_wconf 46' lang='lat' dir='ltr'><strong>reczsserint.</strong></span> <span class='ocrx_word' id='word_1_285' title='bbox 1043 3560 1402 3627; x_wconf 85' lang='lat' dir='ltr'><strong>Declarans</strong></span> <span class='ocrx_word' id='word_1_286' title='bbox 1448 3558 1803 3645; x_wconf 84' lang='lat' dir='ltr'><strong>dignitates</strong></span> <span class='ocrx_word' id='word_1_287' title='bbox 1818 3610 1838 3645; x_wconf 90' lang='lat'><strong>,</strong></span> <span class='ocrx_word' id='word_1_288' title='bbox 1892 3578 2057 3644; x_wconf 86' lang='lat' dir='ltr'><strong>quae</strong></span> <span class='ocrx_word' id='word_1_289' title='bbox 2096 3560 2165 3624; x_wconf 91' lang='lat' dir='ltr'><strong>in</strong></span> <span class='ocrx_word' id='word_1_290' title='bbox 2209 3558 2593 3626; x_wconf 84' lang='lat' dir='ltr'><strong>cathedrali-</strong></span> 
     </span>
     <span class='ocr_line' id='line_1_34' title="bbox 185 3659 2591 3749; baseline -0.001 -22"><span class='ocrx_word' id='word_1_291' title='bbox 185 3664 318 3728; x_wconf 86' lang='lat' dir='ltr'><strong>bus</strong></span> <span class='ocrx_word' id='word_1_292' title='bbox 359 3660 553 3725; x_wconf 65' lang='lat' dir='ltr'><strong>etiam</strong></span> <span class='ocrx_word' id='word_1_293' title='bbox 577 3660 1104 3749; x_wconf 82' lang='lat' dir='ltr'><strong>&#39;metropolitanis</strong></span> <span class='ocrx_word' id='word_1_294' title='bbox 1147 3669 1297 3749; x_wconf 86' lang='lat' dir='ltr'><strong>post</strong></span> <span class='ocrx_word' id='word_1_295' title='bbox 1335 3659 1739 3749; x_wconf 82' lang='lat' dir='ltr'><strong>pontificales</strong></span> <span class='ocrx_word' id='word_1_296' title='bbox 1778 3682 1911 3725; x_wconf 88' lang='lat' dir='ltr'><strong>non</strong></span> <span class='ocrx_word' id='word_1_297' title='bbox 1958 3661 2237 3746; x_wconf 88' lang='lat' dir='ltr'><strong>majores</strong></span> <span class='ocrx_word' id='word_1_298' title='bbox 2282 3660 2591 3745; x_wconf 82' lang='lat' dir='ltr'><strong>existunt,</strong></span> 
     </span>
     <span class='ocr_line' id='line_1_35' title="bbox 187 3759 2591 3849; baseline 0 -22"><span class='ocrx_word' id='word_1_299' title='bbox 187 3782 362 3849; x_wconf 86' lang='lat' dir='ltr'><strong>quae</strong></span> <span class='ocrx_word' id='word_1_300' title='bbox 411 3780 498 3825; x_wconf 84' lang='lat' dir='ltr'><strong>ex</strong></span> <span class='ocrx_word' id='word_1_301' title='bbox 535 3760 928 3849; x_wconf 85' lang='lat' dir='ltr'><strong>apostolicae</strong></span> <span class='ocrx_word' id='word_1_302' title='bbox 969 3760 1165 3829; x_wconf 86' lang='lat' dir='ltr'><strong>Sedis</strong></span> <span class='ocrx_word' id='word_1_303' title='bbox 1205 3759 1636 3847; x_wconf 85' lang='lat' dir='ltr'><strong>indulgentia,</strong></span> <span class='ocrx_word' id='word_1_304' title='bbox 1679 3761 1790 3826; x_wconf 83' lang='lat' dir='ltr'><strong>vel</strong></span> <span class='ocrx_word' id='word_1_305' title='bbox 1828 3760 2150 3827; x_wconf 88' lang='lat' dir='ltr'><strong>ordinaria</strong></span> <span class='ocrx_word' id='word_1_306' title='bbox 2188 3761 2591 3845; x_wconf 87' lang='lat' dir='ltr'><strong>auctoritate,</strong></span> 
     </span>
     <span class='ocr_line' id='line_1_36' title="bbox 186 3860 2592 3950; baseline 0 -21"><span class='ocrx_word' id='word_1_307' title='bbox 186 3870 306 3929; x_wconf 88' lang='lat' dir='ltr'><strong>aut</strong></span> <span class='ocrx_word' id='word_1_308' title='bbox 346 3860 812 3927; x_wconf 78' lang='lat' dir='ltr'><strong>consuetudine</strong></span> <span class='ocrx_word' id='word_1_309' title='bbox 852 3860 1285 3950; x_wconf 86' lang='lat' dir='ltr'><strong>praescripta,</strong></span> <span class='ocrx_word' id='word_1_310' title='bbox 1355 3862 1464 3927; x_wconf 84' lang='lat' dir='ltr'><strong>vel</strong></span> <span class='ocrx_word' id='word_1_311' title='bbox 1507 3861 1665 3929; x_wconf 89' lang='lat' dir='ltr'><strong>alias</strong></span> <span class='ocrx_word' id='word_1_312' title='bbox 1709 3862 1936 3948; x_wconf 87' lang='lat' dir='ltr'><strong>quovis</strong></span> <span class='ocrx_word' id='word_1_313' title='bbox 1980 3862 2177 3929; x_wconf 87' lang='lat' dir='ltr'><strong>modo</strong></span> <span class='ocrx_word' id='word_1_314' title='bbox 2221 3862 2291 3928; x_wconf 91' lang='lat' dir='ltr'><strong>in</strong></span> <span class='ocrx_word' id='word_1_315' title='bbox 2331 3863 2592 3948; x_wconf 86' lang='lat' dir='ltr'><strong>quibus-</strong></span> 
     </span>
     <span class='ocr_line' id='line_1_37' title="bbox 187 3960 2593 4051; baseline -0 -19"><span class='ocrx_word' id='word_1_316' title='bbox 187 3982 470 4048; x_wconf 85' lang='lat' dir='ltr'><strong>cumque</strong></span> <span class='ocrx_word' id='word_1_317' title='bbox 515 3961 876 4049; x_wconf 77' lang='lat' dir='ltr'><strong>collegiatis</strong></span> <span class='ocrx_word' id='word_1_318' title='bbox 933 3962 1224 4029; x_wconf 85' lang='lat' dir='ltr'><strong>ecclesiis</strong></span> <span class='ocrx_word' id='word_1_319' title='bbox 1283 3961 1711 4051; x_wconf 89' lang='lat' dir='ltr'><strong>principalem</strong></span> <span class='ocrx_word' id='word_1_320' title='bbox 1772 3960 2306 4051; x_wconf 89' lang='lat' dir='ltr'><strong>praeminentiam</strong></span> <span class='ocrx_word' id='word_1_321' title='bbox 2350 3964 2593 4031; x_wconf 85' lang='lat' dir='ltr'><strong>habere</strong></span> 
     </span>
     <span class='ocr_line' id='line_1_38' title="bbox 181 4062 2582 4153; baseline 0 -22"><span class='ocrx_word' id='word_1_322' title='bbox 181 4070 564 4146; x_wconf 83' lang='lat' dir='ltr'><strong>noscuntur,</strong></span> <span class='ocrx_word' id='word_1_323' title='bbox 611 4065 728 4129; x_wconf 89' lang='lat' dir='ltr'><strong>sub</strong></span> <span class='ocrx_word' id='word_1_324' title='bbox 771 4062 1213 4129; x_wconf 78' lang='lat' dir='ltr'><strong>reservatione</strong></span> <span class='ocrx_word' id='word_1_325' title='bbox 1242 4062 1575 4153; x_wconf 88' lang='lat' dir='ltr'><strong>praedicta</strong></span> <span class='ocrx_word' id='word_1_326' title='bbox 1616 4063 2082 4152; x_wconf 86' lang='lat' dir='ltr'><strong>comprehendi</strong></span> <span class='ocrx_word' id='word_1_327' title='bbox 2124 4063 2389 4130; x_wconf 87' lang='lat' dir='ltr'><strong>debere.</strong></span> <span class='ocrx_word' id='word_1_328' title='bbox 2447 4066 2582 4132; x_wconf 90' lang='lat' dir='ltr'><strong>De-</strong></span> 
     </span>
     <span class='ocr_line' id='line_1_39' title="bbox 183 4162 926 4233; baseline -0.007 0"><span class='ocrx_word' id='word_1_329' title='bbox 183 4186 468 4233; x_wconf 83' lang='lat' dir='ltr'><strong>cernens</strong></span> <span class='ocrx_word' id='word_1_330' title='bbox 503 4162 762 4231; x_wconf 79' lang='lat' dir='ltr'><strong>irritum</strong></span> <span class='ocrx_word' id='word_1_331' title='bbox 803 4172 926 4229; x_wconf 87' lang='lat' dir='ltr'><strong>etc.</strong></span> 
     </span>
    </p>

    <p class='ocr_par' dir='ltr' id='par_1_4' title="bbox 185 4264 2594 4557">
     <span class='ocr_line' id='line_1_40' title="bbox 361 4264 2587 4351; baseline 0.001 -22"><span class='ocrx_word' id='word_1_332' title='bbox 361 4266 424 4347; x_wconf 65' lang='grc' dir='ltr'><strong>ἓ.</strong></span> <span class='ocrx_word' id='word_1_333' title='bbox 467 4264 529 4329; x_wconf 80' lang='lat'><strong>5.</strong></span> <span class='ocrx_word' id='word_1_334' title='bbox 615 4264 784 4331; x_wconf 89' lang='lat' dir='ltr'><strong>Item</strong></span> <span class='ocrx_word' id='word_1_335' title='bbox 824 4264 1183 4330; x_wconf 79' lang='lat' dir='ltr'><strong>reservavit</strong></span> <span class='ocrx_word' id='word_1_336' title='bbox 1221 4264 1621 4351; x_wconf 86' lang='lat' dir='ltr'><strong>generaliter</strong></span> <span class='ocrx_word' id='word_1_337' title='bbox 1662 4264 1878 4331; x_wconf 88' lang='lat' dir='ltr'><strong>omnia</strong></span> <span class='ocrx_word' id='word_1_338' title='bbox 1892 4312 1911 4346; x_wconf 92' lang='lat'><strong>,</strong></span> <span class='ocrx_word' id='word_1_339' title='bbox 1968 4274 2035 4329; x_wconf 89' lang='lat' dir='ltr'><strong>et</strong></span> <span class='ocrx_word' id='word_1_340' title='bbox 2086 4264 2345 4350; x_wconf 89' lang='lat' dir='ltr'><strong>singula</strong></span> <span class='ocrx_word' id='word_1_341' title='bbox 2388 4267 2587 4332; x_wconf 84' lang='lat' dir='ltr'><strong>bene-</strong></span> 
     </span>
     <span class='ocr_line' id='line_1_41' title="bbox 185 4364 2594 4452; baseline -0 -19"><span class='ocrx_word' id='word_1_342' title='bbox 185 4366 342 4433; x_wconf 85' lang='lat' dir='ltr'><strong>ficia</strong></span> <span class='ocrx_word' id='word_1_343' title='bbox 387 4364 820 4433; x_wconf 81' lang='lat' dir='ltr'><strong>ecclesiastica</strong></span> <span class='ocrx_word' id='word_1_344' title='bbox 879 4384 1436 4452; x_wconf 87' lang='lat' dir='ltr'><strong>quorumcumque</strong></span> <span class='ocrx_word' id='word_1_345' title='bbox 1504 4366 1923 4433; x_wconf 88' lang='lat' dir='ltr'><strong>collectorum</strong></span> <span class='ocrx_word' id='word_1_346' title='bbox 1942 4415 1963 4449; x_wconf 92' lang='lat'><strong>,</strong></span> <span class='ocrx_word' id='word_1_347' title='bbox 2022 4374 2089 4433; x_wconf 90' lang='lat' dir='ltr'><strong>et</strong></span> <span class='ocrx_word' id='word_1_348' title='bbox 2144 4366 2483 4434; x_wconf 87' lang='lat' dir='ltr'><strong>unicorum</strong></span> <span class='ocrx_word' id='word_1_349' title='bbox 2522 4366 2594 4432; x_wconf 89' lang='lat' dir='ltr'><strong>in</strong></span> 
     </span>
     <span class='ocr_line' id='line_1_42' title="bbox 186 4460 2591 4557; baseline 0.002 -26"><span class='ocrx_word' id='word_1_350' title='bbox 186 4481 600 4553; x_wconf 78' lang='lat' dir='ltr'><strong>quacumque</strong></span> <span class='ocrx_word' id='word_1_351' title='bbox 647 4464 903 4533; x_wconf 82' lang='lat' dir='ltr'><strong>civitate</strong></span> <span class='ocrx_word' id='word_1_352' title='bbox 917 4514 940 4549; x_wconf 91' lang='lat'><strong>,</strong></span> <span class='ocrx_word' id='word_1_353' title='bbox 981 4466 1091 4531; x_wconf 79' lang='lat' dir='ltr'><strong>vel</strong></span> <span class='ocrx_word' id='word_1_354' title='bbox 1133 4460 1453 4551; x_wconf 86' lang='lat' dir='ltr'><strong>dioecesi,</strong></span> <span class='ocrx_word' id='word_1_355' title='bbox 1497 4463 1606 4551; x_wconf 85' lang='lat' dir='ltr'><strong>qui</strong></span> <span class='ocrx_word' id='word_1_356' title='bbox 1646 4488 1767 4533; x_wconf 84' lang='lat' dir='ltr'><strong>suo</strong></span> <span class='ocrx_word' id='word_1_357' title='bbox 1807 4474 2105 4557; x_wconf 86' lang='lat' dir='ltr'><strong>tempore</strong></span> <span class='ocrx_word' id='word_1_358' title='bbox 2148 4467 2364 4535; x_wconf 84' lang='lat' dir='ltr'><strong>officia</strong></span> <span class='ocrx_word' id='word_1_359' title='bbox 2402 4488 2591 4537; x_wconf 81' lang='lat' dir='ltr'><strong>exer-</strong></span> 
     </span>
    </p>
   </div>
  </div>
 </body>
</html>
