2959 4984
384 296 487 353 284
814 294 1033 349 XLVII.
1108 291 1600 349 CONCORDATA
1634 292 2043 347 AUSTRIAGA
2081 293 2139 344 A,
2179 288 2337 345 1855.

388 469 645 529 nonatu
684 468 948 547 agatur,
1004 458 1347 525 tribunalia
1386 457 1742 523 saecularia
1779 456 2069 523 iudicare
2111 457 2362 546 possint
2409 460 2499 525 de
2541 483 2800 527 succes·

388 564 573 631 sione
624 560 838 647 quoad
880 559 1186 626 eumdem
1224 567 1669 648 patronatum,
1716 580 1834 624 seu
1875 559 2358 624 controversiae
2395 561 2584 649 ipsae
2623 562 2800 627 inter

384 686 577 729 veros
636 672 703 729 et
762 661 1127 750 suppositos
1194 668 1503 748 patronos
1567 668 1842 745 agantur
1906 679 2024 723 seu
2079 659 2252 725 inter
2313 660 2794 728 ecclesiasticos

377 764 572 849 viros,
620 763 731 849 qui
767 764 847 829 ab
890 760 1127 826 iisdem
1166 760 1455 848 patronis
1505 758 1830 845 designati
1872 758 2134 824 fuerint.

549 865 698 931 Art.
741 863 933 929 XIII.
1019 863 1421 951 Temporum
1476 863 1729 928 ratione
1789 862 2008 929 habita
2061 860 2382 929 Sanctitas
2437 860 2580 928 Sua
2637 885 2798 928 con-

380 966 613 1049 sentit,
672 973 747 1031 ut
790 962 1197 1030 Clericorum
1240 985 1500 1029 caussas
1537 984 1718 1029 mere
1765 963 2022 1046 civiles,
2076 972 2272 1051 prout
2317 964 2797 1046 contractuum,

378 1066 764 1148 debitorum,
778 1063 1271 1147 haereditatum,
1287 1063 1546 1149 judices
1565 1063 1924 1129 saeculares
1945 1072 2341 1150 cognoscant
2359 1070 2430 1127 et
2453 1061 2800 1129 definiant.

548 1164 697 1231 Art.
742 1164 930 1230 XIV.
1012 1162 1265 1229 Eadem
1323 1163 1407 1229 de
1465 1186 1657 1229 causa
1699 1161 1944 1231 Sancta
1991 1161 2202 1231 Sedes
2262 1162 2442 1227 haud
2485 1160 2800 1249 impedit,

388 1264 729 1351 quominus
788 1284 1051 1328 caussae
1104 1261 1686 1328 ecclesiasticorum
1739 1285 1860 1351 pro
1924 1262 2299 1327 criminibus
2344 1283 2464 1327 seu
2512 1260 2801 1345 delictis,

380 1386 547 1451 quae
616 1363 997 1452 poenalibus
1034 1362 1305 1451 Imperii
1386 1362 1646 1449 legibus
1703 1362 2319 1445 animadvertuntur,
2377 1362 2464 1427 ad
2497 1361 2806 1448 judicem

383 1466 619 1531 laicum
682 1464 1085 1547 deferantur3
1156 1464 1259 1529 cui
1316 1473 1532 1531 tamen
1592 1465 1957 1549 incumbet,
2018 1465 2419 1554 Episcopum
2462 1486 2542 1529 ea
2589 1464 2674 1530 de
2723 1486 2805 1529 re

390 1569 635 1652 absque
677 1588 859 1632 mora
888 1566 1231 1631 certiorem
1260 1565 1564 1631 reddere.
1604 1566 1952 1633 Praeterea
1981 1566 2050 1630 in
2079 1586 2194 1631 reo
2227 1564 2804 1653 deprehendendo

381 1675 449 1731 et
487 1665 839 1732 detinendo
872 1666 919 1730 ii
960 1664 1439 1733 adhibebuntur
1479 1665 1680 1749 modi,
1711 1689 1872 1751 quos
1897 1665 2265 1731 reverentia
2295 1672 2497 1729 status
2521 1664 2798 1729 clerica-

382 1767 467 1831 lis
527 1766 753 1851 exigit.
852 1766 1107 1850 Quodsi
1169 1767 1241 1831 in
1286 1767 1790 1831 ecclesiasticum
1833 1767 2047 1833 virum
2086 1766 2314 1831 mortis
2357 1765 2469 1829 vel
2511 1764 2806 1829 carceris

379 1868 553 1932 ultra
578 1866 1088 1952 quinquennium
1123 1866 1413 1931 duraturi
1450 1868 1774 1933 sententia
1813 1868 2078 1949 feratur,
2101 1865 2428 1954 Episcopo
2457 1885 2805 1949 nunquam

378 1988 512 2032 non
554 1975 693 2031 acta
738 1966 1073 2033 iudiciaria
1116 1967 1788 2051 communicabantur,
1834 1975 1900 2032 et
1937 1966 2441 2033 condemnatum⁴
2481 1964 2806 2029 audiendi

386 2067 657 2133 facultas
695 2066 841 2150 fiet,
884 2066 953 2132 in
996 2076 1305 2152 quantum
1342 2068 1786 2133 necessarium
1824 2068 1941 2151 sit,
1988 2074 2062 2131 ut
2103 2066 2186 2131 de
2225 2087 2444 2155 poena
2483 2064 2804 2129 ecclesia-

382 2167 543 2233 stica
604 2166 819 2233 eidem
870 2167 1233 2254 infligenda
1292 2189 1689 2254 cognoscere
1749 2168 1974 2257 possit.
2059 2166 2208 2231 Hoc
2239 2165 2430 2231 'idem
2471 2164 2802 2231 Antistite

385 2277 651 2359 petente
688 2268 1138 2357 praestabitur,
1182 2268 1235 2333 si
1273 2268 1486 2333 minor
1528 2290 1740 2356 poena
1778 2268 2042 2333 decreta
2078 2266 2292 2333 fuerit.
2359 2263 2606 2330 Clerici
2647 2288 2792 2331 car-

378 2370 544 2436 ceris
620 2389 900 2457 poenam
960 2390 1223 2456 semper
1285 2368 1356 2432 in
1397 2368 1559 2433 locis
1601 2392 1639 2431 a
1703 2367 2136 2433 saecularibus
2197 2366 2511 2455 separatis
2575 2366 2789 2431 luent.

388 2468 647 2553 Quodsi
689 2476 903 2533 autem
950 2489 1039 2532 ex
1082 2467 1321 2535 delicto
1366 2468 1475 2532 vel
1518 2467 2048 2554 transgressione.
2079 2465 2492 2533 condemnati
2519 2466 2792 2551 fuerint,

376 2570 449 2635 in
488 2567 877 2635 monasterio
922 2568 1033 2633 vel
1076 2568 1199 2632 alia
1240 2566 1673 2632 ecclesiastica
1720 2566 1912 2633 domo
1958 2566 2400 2632 recludentur.

432 2654 441 2663 ¹
542 2669 623 2735 In
653 2668 843 2733 huius
874 2667 1127 2733 articuli
1150 2666 1578 2755 dispositione
1619 2667 1884 2731 minime
1933 2666 2576 2755 comprehenduntur
2605 2690 2788 2732 caus-

378 2790 490 2833 sae
546 2768 823 2853 majores
852 2816 873 2851 ,
942 2769 1025 2834 de
1083 2768 1315 2853 quibus
1364 2764 1640 2833 Sacrum
1695 2765 2062 2833 Concilium
2116 2766 2574 2833 Tridentinum
2630 2788 2791 2831 sess,

383 2868 638 2935 XXIV.
686 2892 739 2935 c.
784 2868 845 2934 5.
890 2868 974 2933 de
1016 2870 1283 2933 reform.
1328 2868 1635 2932 decrevit.
1679 2866 1772 2931 Iis
1811 2866 2278 2957 pertractandis
2321 2865 2790 2933 Sanctissimus

379 2970 577 3035 Pater
620 2978 687 3033 et
727 2968 854 3054 Maj
866 2976 1031 3035 estas
1074 2966 1214 3034 Sua
1258 2966 1598 3050 Caesarea,
1644 2966 1698 3033 si
1741 2988 1904 3056 opus
1945 2968 2162 3051 fuerit,
2203 2966 2667 3055 providebunt.

545 3070 694 3135 Art.
736 3067 889 3133 XV.
972 3064 1069 3132 Ut
1121 3065 1481 3131 honoretur
1538 3065 1770 3131 domus
1808 3066 1971 3149 Dei,
2033 3067 2144 3151 qui
2188 3075 2288 3131 est
2329 3066 2482 3133 Rex
2521 3066 2790 3152 Regum

380 3179 447 3237 et
485 3169 805 3235 Dominus
848 3166 1340 3233 Dominantium
1356 3215 1377 3249 ,
1422 3186 1752 3231 sacrorum
1795 3166 2192 3255 templorum
2232 3166 2608 3231 immunitas
2649 3188 2787 3231 ser-

376 3272 647 3354 vabitur,
686 3271 757 3335 in
797 3276 1105 3355 quantum
1144 3266 1217 3333 id
1256 3265 1517 3355 publica
1557 3266 1864 3333 securitas
1908 3276 1974 3331 et
2021 3288 2114 3350 ea,
2155 3288 2318 3351 quae
2352 3266 2614 3352 justitia
2649 3266 2789 3332 exi-

379 3372 499 3460 git,
544 3372 690 3437 fieri
734 3371 962 3439 sinant.
1975 3382 1982 3389 '
2018 3383 2020 3385 ’

544 3472 691 3537 Art.
736 3470 925 3536 XVI.
1008 3470 1536 3556 Augustissimus
1579 3470 1942 3558 Imperator
1982 3491 2116 3537 non
2155 3467 2476 3557 patietur,
2546 3478 2622 3535 ut
2661 3468 2786 3535 Ec-

378 3572 592 3638 clesia.
617 3572 930 3637 catholica
976 3570 1241 3654 eiusque
1284 3570 1487 3653 fides,
1536 3570 1834 3655 liturgia,
1876 3569 2318 3635 Institutiones
2361 3568 2504 3635 sive
2546 3570 2786 3652 verbis,

373 3674 512 3739 sive
560 3673 785 3755 factis,
806 3672 944 3737 sive
992 3670 1245 3758 scriptis
1285 3679 1796 3737 contemnantur.
1819 3678 1931 3735 aut
1954 3668 2398 3735 Ecclesiarum
2429 3668 2782 3735 Antistites

369 3773 481 3838 vel
516 3771 797 3853 Ministri
842 3772 914 3836 in
956 3770 1327 3835 exercendo
1368 3792 1640 3836 munere
1681 3793 1798 3835 suo
1840 3793 1961 3856 pro
2007 3768 2432 3835 custodienda
2478 3791 2776 3857 praeser-

372 3873 489 3937 tim
533 3871 692 3936 fidei
733 3893 808 3934 ac
848 3891 1101 3935 morum
1152 3870 1441 3935 doctrina
1485 3879 1552 3935 et
1594 3870 1933 3959 disciplina
1956 3869 2290 3935 Ecclesiae
2315 3870 2781 3957 impediantur.

370 3972 649 4058 Insuper
694 3969 947 4052 efficax,
997 3969 1051 4034 si
1097 3992 1259 4058 opus
1305 3971 1522 4053 fuerit,
1567 3970 1890 4037 auxilium·
1901 3970 2277 4058 praestabit,
2317 3978 2390 4034 ut
2409 3972 2776 4036 sententiae

374 4073 457 4137 ab
496 4068 839 4158 Episcopis
894 4069 965 4135 in
1012 4068 1303 4138 Clericos
1350 4070 1717 4137 officiorum
1759 4071 2206 4143 oblitos.latae
2248 4071 2623 4137 executioni
2664 4072 2781 4138 de—

372 4168 779 4235 mandentur.
857 4170 1257 4237 Desiderans
1294 4180 1654 4259 praeterea,
1698 4179 1772 4235 ut
1818 4160 2075 4236 debitus
2104 4172 2297 4257 juxta
2337 4171 2560 4236 divina
2599 4194 2778 4237 man-

376 4270 522 4337 data
574 4270 771 4335 sacris
811 4270 1126 4335 Ministris
1170 4271 1380 4336 honor
1425 4280 1759 4354 servetur,
1823 4293 1957 4335 non
1998 4271 2169 4337 sinet
2216 4270 2572 4357 quidquam
2615 4272 2783 4357 fieri,

374 4372 549 4455 quod
593 4370 877 4437 dedecus
922 4370 1217 4435 eiusdem
1262 4370 1522 4451 afferre,
1568 4378 1676 4435 aut
1713 4392 1844 4435 eos·
1870 4371 1940 4435 in
1981 4380 2424 4458 contemptum
2449 4372 2784 4438 adducere

372 4471 597 4560 possit,
635 4471 831 4537 immo
876 4491 1032 4534 vero
1078 4469 1438 4551 mandabit,
1487 4479 1560 4535 ut
1607 4491 1829 4535 omnes
1875 4471 2146 4557 Imperii
2183 4470 2310 4537 Sui·
2353 4470 2784 4558 Magistratus
