2959 4984
885 277 888 282 ’
983 307 1258 359 KARom
1296 309 1529 362 mem
1566 311 1629 362 A.
1672 309 1793 365 739.
2510 321 2583 376 ⁶8

383 488 572 526 verum
617 473 736 536 est,
789 486 904 526 non
953 471 1154 526 leviter
1199 477 1258 526 te
1311 474 1533 544 culpam
1580 478 1883 533 incurrisse
1920 495 2243 548 cognoscas·
2336 481 2493 538 Unde
2530 486 2577 538 si

381 559 662 616 declinare
699 561 856 630 cupis
900 564 1092 614 tantae
1129 564 1507 632 usurpationis
1545 565 1835 633 invidiam,
1892 569 2099 622 nostris
2146 569 2351 626 litteris
2390 571 2578 626 admo-

378 646 556 701 nitum
589 652 648 702 te
687 648 948 703 convenit
985 649 1284 704 abstinere.
1366 651 1529 706 Certe
1591 654 1638 706 si
1693 654 1900 722 aliquid
1949 656 2055 710 tibi
2102 657 2283 712 credis
2328 659 2576 714 iustitiae

380 733 674 806 suffragari
695 777 708 804 ,
759 737 996 807 integris
1041 740 1296 794 omnibus
1345 745 1404 794 et
1455 742 1516 794 in
1552 741 1791 811 pristino
1830 747 1980 797 statu
2014 746 2363 800 manentibus
2383 786 2397 814 ,
2447 752 2579 816 post

383 821 501 874 dies
539 824 890 878 venerabiles
925 824 1172 880 Paschae
1210 827 1406 884 adesse
1445 830 1691 897 debebis,
1729 836 1793 885 ut
1829 833 2147 887 memoratis
2184 833 2363 903 possis
2396 834 2576 888 inten-

385 909 631 965 tionibus
669 913 1009 982 respondere
1031 953 1044 979 ,
1084 915 1444 984 partibusque
1481 917 1540 972 in
1576 919 1759 972 medio
1798 919 2111 988 collocatis,
2166 921 2301 989 quid
2340 922 2577 992 antiqui-

375 1000 460 1049 tas
497 1001 598 1050 aut
631 999 840 1052 veritas
879 999 1086 1054 habeat
1124 1002 1481 1070 inquiramus,

1136 1219 1621 1276 EPISCOPIS.

339 1329 493 1395 XII.
583 1333 749 1398 Item
797 1336 866 1400 in
915 1337 1144 1402 eodem
1193 1341 1497 1422 concilio,
1570 1352 1643 1406 ut
1684 1345 2023 1432 episcopus
2084 1348 2223 1410 eius
2263 1348 2575 1413 aeclesiae

191 1451 386 1492 curam
426 1433 665 1497 habeat
697 1434 780 1498 ad
825 1458 1015 1522 quam
1059 1437 1385 1504 ordinatus
1435 1451 1551 1505 est.

446 1567 612 1621 Conc.
651 1570 913 1625 Antioch.
955 1589 1074 1625 can.
1114 1575 1198 1627 21.
1255 1573 1596 1644 Episcopum
1646 1577 1715 1629 de
1760 1578 2002 1634 dioecesi
2045 1582 2116 1635 ad
2152 1583 2383 1636 alteram
2425 1583 2574 1638 dioe-

374 1655 542 1707 cesim
579 1674 692 1710 non
728 1658 932 1712 debere
970 1659 1209 1714 transire
1228 1702 1242 1728 ,
1291 1679 1470 1732 neque
1510 1663 1557 1716 si
1594 1665 1833 1734 seipsum
1869 1667 2187 1738 ingesserit,
2238 1687 2418 1740 neque
2455 1672 2501 1725 si
2538 1689 2571 1726 a

369 1743 593 1810 populis
631 1744 802 1798 fuerit
841 1746 1115 1801 violenter
1155 1751 1458 1815 attractus,
1511 1768 1689 1820 neque
1728 1754 1773 1806 si
1805 1753 1973 1808 etiam
2008 1757 2113 1812 hoc
2149 1759 2199 1810 ei
2234 1760 2304 1812 ab
2340 1759 2573 1829 Episco-

368 1831 452 1899 pis
498 1833 781 1886 suadetur.
851 1835 1080 1888 Manere
1117 1841 1300 1890 autem
1353 1855 1479 1892 eum
1516 1839 1719 1894 debere
1773 1842 1827 1894 in
1869 1844 2121 1898 Ecclesia
2155 1846 2259 1900 Dei
2296 1864 2461 1914 quam
2500 1849 2571 1902 ab

377 1917 537 1971 initio
577 1919 808 1972 sortitus
845 1924 932 1974 est
953 1960 966 1987 ,
1004 1925 1061 1974 et
1102 1939 1216 1976 non
1259 1925 1328 1977 ab
1367 1942 1432 1977 ea
1468 1926 1577 1978 alio
1610 1927 1951 1998 demigrare,
1989 1931 2289 1985 secundum
2323 1933 2571 2002 regulam

371 2024 536 2076 super
574 2009 685 2061 hoc
719 2008 852 2061 olim
891 2027 924 2062 a
958 2011 1212 2079 patribus
1249 2014 1626 2068 constitutam.

1133 2201 1613 2257 EPISCOPIS.

337 2315 523 2380 XIH.
614 2317 784 2383 Item
824 2320 891 2383 in
933 2321 1164 2384 eodem
1214 2323 1525 2405 concili0,
1577 2345 1829 2389 necnon
1872 2335 1937 2389 et
1976 2325 2045 2390 in
2092 2325 2565 2408 Calcidonensi,

191 2427 254 2480 ut
299 2420 724 2506 provinciales
769 2417 1057 2507 episcopi
1100 2445 1242 2486 cum
1285 2445 1402 2487 suo
1431 2424 1929 2512 metropolitano
1971 2425 2070 2490 bis
2111 2426 2179 2489 in
2217 2449 2383 2490 anno
2416 2449 2565 2512 pro-

189 2524 318 2600 pter
366 2540 586 2585 causas
627 2521 941 2586 aeclesiae
987 2521 1254 2586 concilia
1301 2523 1649 2588 celebrent.

440 2655 604 2710 Cone.
645 2655 902 2710 Antioeh.
942 2674 1062 2711 can.
1101 2658 1188 2710 20.
1248 2657 1489 2727 Propter
1537 2658 1941 2713 ecclesiasticas
1990 2675 2151 2712 curas
2186 2663 2244 2714 et
2281 2678 2419 2728 quae
2454 2662 2567 2716 exi—

375 2749 528 2800 stunt
561 2748 970 2802 controversias
1005 2748 1404 2814 dissolvendas,
1441 2745 1695 2802 sufficere
1729 2748 1907 2801 visum
1950 2751 2035 2800 est
2070 2748 2156 2801 bis
2191 2748 2251 2800 in
2284 2763 2428 2802 anno
2465 2766 2568 2818 per

370 2833 684 2901 provincias
724 2835 966 2904 singulas
999 2835 1407 2904 Episcoporum
1427 2834 1733 2888 Concilium
1768 2834 1906 2888 fieri.
1953 2834 2141 2888 Primo
2178 2835 2403 2903 quidem
2438 2840 2568 2904 post

371 2922 592 2974 tertiam
627 2921 1031 2977 hebdomadam
1064 2922 1346 2976 Paschalis
1385 2921 1706 2976 festivitatis
1731 2961 1744 2988 ,
1800 2921 1883 2975 ita
1915 2926 1979 2976 ut
2029 2922 2088 2975 in
2127 2927 2327 2990 quarta
2357 2922 2565 2976 hebdo-

369 3008 533 3062 mada
570 3026 708 3077 quae
752 3011 1128 3078 consequitur,
1165 3010 1223 3062 id
1259 3014 1362 3077 est,
1398 3009 1611 3062 mediae
1646 3009 2035 3076 Pentecostes‚
2078 3009 2383 3064 Concilium
2418 3027 2565 3064 com-

370 3097 605 3166 pleatur.
655 3097 1012 3152 Admoneant
1047 3101 1232 3151 autem
1267 3096 1639 3166 provinciales
1673 3096 1983 3166 Episcopos
2020 3097 2077 3150 hi
2115 3099 2209 3166 qui
2244 3099 2303 3151 in
2338 3098 2563 3167 amplio-

371 3185 540 3251 ribus,
577 3185 636 3238 id
677 3189 764 3238 est
783 3225 796 3252 ,
852 3185 946 3253 qui
981 3185 1037 3238 in
1073 3185 1521 3254 metropolitanis
1570 3184 1890 3239 civitatibus
1930 3186 2153 3256 degunt.
2250 3186 2561 3240 Secundum

374 3288 504 3324 vero
543 3270 850 3326 Concilium
889 3271 1078 3325 Idibus
1117 3271 1452 3326 Octobribus
1503 3271 1802 3339 habeatur,
1852 3273 1945 3340 qui
1982 3273 2100 3326 dies
2136 3273 2284 3343 apud
2322 3273 2561 3328 Graecos

371 3357 794 3426 hyperberetaei
839 3358 1044 3412 mensis
1091 3358 1340 3423 decimus
1397 3358 1623 3426 quintus
1677 3359 1973 3413 invenitur.
2072 3360 2138 3413 In
2190 3361 2327 3430 ipsis
2365 3365 2563 3414 tantem

377 3444 636 3498 Conciliis
690 3449 748 3498 et
798 3445 1164 3514 Presbyteros
1225 3450 1284 3499 et
1332 3446 1611 3500 Diaconos
1659 3450 1981 3516 praesentes
2031 3465 2151 3502 esse
2189 3452 2441 3517 oportet,
2502 3453 2562 3502 et

366 3549 555 3586 omnes
596 3536 871 3601 quotquot
915 3550 973 3587 se
1009 3533 1187 3586 laesos
1226 3533 1571 3602 existimant,
1623 3538 1680 3586 et
1734 3534 2051 3602 synodicam
2107 3539 2403 3604 expectare
2442 3553 2561 3588 sen-

367 3620 617 3674 tentiam.
687 3619 805 3673 Nec
849 3620 1019 3674 liceat
1055 3621 1330 3689 aliquibus
1387 3621 1536 3690 apud
1573 3621 1901 3690 semetipsos
1956 3622 2073 3675 sine
2109 3621 2562 3690 metropolitano·

365 3723 488 3758 rum
521 3705 930 3776 Episcoporum
971 3707 1312 3762 conscientia
1368 3708 1606 3776 synodos
1655 3708 1840 3762 facere
1860 3749 1875 3776 ,
1932 3709 2131 3776 quibus
2187 3708 2256 3760 de
2309 3707 2561 3761 omnibus

369 3794 546 3847 causis
575 3798 796 3849 constat
828 3795 1154 3864 permissum
1195 3812 1314 3848 esse
1351 3794 1637 3848 iudicium.

437 3889 601 3944 Cone.
646 3890 826 3945 Chalc.
866 3908 983 3944 can.
1026 3893 1108 3946 19.
1165 3891 1255 3944 Ad
1292 3909 1452 3944 aures
1498 3895 1717 3944 nostras
1753 3892 2009 3960 pervenit
2050 3883 2308 3960 quoniam
2344 3891 2402 3944 in
2436 3909 2564 3960 pro·

369 3977 562 4030 vinciis
597 3994 710 4030 non
743 3976 887 4031 fiunt
913 3977 1321 4046 Episcoporum
1358 3977 1555 4045 synodi
1594 3979 1893 4031 secundum
1918 3977 2200 4030 Canonum
2236 3976 2560 4045 constituta,

366 4068 422 4117 et
456 4063 589 4117 hinc
623 4065 799 4117 multa
833 4081 1018 4118 rerum
1055 4063 1555 4119 ecclesiasticarum
1591 4081 1731 4132 quae
1770 4064 2113 4118 emendanda
2148 4068 2276 4117 sunt
2332 4064 2559 4136 neglig-i.

366 4151 570 4204 Sancta
609 4151 784 4220 igitur
829 4152 1068 4220 synodus
1106 4151 1432 4219 constituit,
1469 4152 1771 4206 secundum
1810 4152 2059 4206 Canones
2090 4150 2339 4220 Patrum,
2376 4153 2465 4208 bis
2500 4154 2559 4206 in

366 4253 509 4289 anno
546 4235 856 4306 Episcopos
905 4237 964 4289 in
1009 4237 1250 4308 idipsum
1295 4237 1356 4291 in
1412 4255 1742 4308 unaquaque
1792 4237 2079 4307 provincia
2114 4239 2411 4293 convenire
2449 4257 2557 4308 quo

365 4322 827 4393 Metropolitanus
865 4325 1217 4378 constituerit
1235 4367 1248 4392 ,
1297 4329 1355 4378 et
1390 4325 1577 4380 omnia
1613 4342 1987 4394 quaecumque
2024 4325 2355 4380 emerserint
2392 4327 2563 4381 corri-
2594 4397 2605 4405 Ι

368 4427 512 4479 gere.
567 4411 835 4480 Episcopi
867 4429 1000 4465 vero
1040 4413 1132 4482 qui
1167 4429 1281 4466 non
1317 4412 1708 4480 convenerint,
1742 4412 1801 4465 in
1838 4412 2081 4481 propriis
2117 4415 2287 4484 positi
2323 4415 2561 4469 civitati-
2654 4437 2661 4443 ·

366 4498 484 4566 bus,
521 4503 580 4553 et
615 4515 730 4552 non
765 4516 870 4567 per
902 4499 1308 4568 profectionem
1341 4503 1617 4570 absentes,
1656 4501 1896 4555 maxime
1934 4505 2326 4575 suppeditante
2363 4507 2558 4571 salute,
