2959 4984
405 312 512 369 184
774 312 995 366 xxva.
1069 314 1422 367 Lunovlcr
1453 316 1601 367 ΧΠ.
1640 314 2103 368 DBchARA'rlo
2140 316 2203 367 A.
2246 314 2402 369 1693.

407 493 624 549 temur
645 531 665 564 ,
729 488 798 545 et
837 478 1156 544 demissae
1197 478 1603 543 reverentiae
1644 478 1883 566 pignus
1904 528 1924 561 ‚
1992 476 2083 542 ita
2120 500 2239 543 nos
2283 498 2521 565 gerere
2544 528 2565 563 ‚
2606 488 2684 545 ut
2726 482 2813 546 de

411 581 629 649 debita
669 589 890 645 nostra
903 629 923 662 ,
983 599 1172 663 quam
1217 577 1300 642 ad
1355 588 1723 644 extremum
1764 580 1935 643 vitae
1978 576 2275 667 spiritum
2316 576 2661 645 Sanctitati
2700 602 2814 645 ve-

413 691 586 749 strae
625 678 1102 769 impensissime
1144 678 1633 765 praestabimus,
1678 678 2147 761 obedientiam,
2192 688 2259 743 et
2298 679 2381 743 de
2422 690 2645 747 nostro
2692 704 2817 769 pro

413 781 674 849 tuendis
721 778 1054 847 Ecclesiae
1095 778 1340 843 iuribus
1387 780 1529 843 zelo
1551 828 1570 863 ,
1642 780 1804 844 nihil
1864 800 2143 865 unquam
2185 779 2395 867 possit
2434 770 2814 846 desiderari.

411 882 532 951 His
593 882 808 966 itaque
865 879 1168 968 perlectis
1233 879 1472 943 nostris
1516 879 1781 945 Litteris
1828 900 2165 968 speramus
2188 929 2207 962 ,
2274 888 2341 944 et
2386 876 2815 945 Sanctitatem

411 992 694 1050 vestram
737 979 1100 1047 humillime
1141 981 1563 1044 ‘obtestamur
1587 1028 1606 1063 ,
1671 990 1745 1043 ut
1786 1002 1907 1045 nos
1959 980 2027 1043 in
2086 979 2361 1065 gratiam
2414 980 2811 1045 benevolen-

411 1084 694 1167 tiamque
737 1080 998 1147 tandem
1043 1088 1346 1167 receptos
1388 1076 1701 1145 Ecclesiis
1732 1130 1751 1163 ,
1810 1080 1895 1144 ad
1954 1102 2113 1164 quas
2154 1079 2305 1145 Rex
2358 1088 2585 1144 noster
2630 1078 2816 1146 Chri-

411 1182 830 1250 stianissimus
869 1202 990 1245 nos
1033 1178 1463 1243 nominaverit
1488 1228 1507 1262 ,
1578 1179 1939 1268 praeficere
1991 1201 2123 1243 non
2166 1178 2579 1265 dedignetur.
2668 1181 2817 1263 Quo

411 1280 724 1348 maturius
761 1279 1118 1345 animarum
1159 1278 1382 1363 saluti,
1445 1288 1513 1343 et
1562 1277 1963 1345 Christianae
2002 1278 2335 1363 Religioni
2378 1278 2675 1362 utilitati,
2716 1280 2811 1368 ip·

418 1402 634 1449 sarum
670 1378 1109 1445 Ecclesia-um
1151 1378 1418 1462 iuribus,
1463 1389 1532 1444 et
1574 1379 1894 1466 dignitati,
1932 1387 2009 1443 ut
2048 1378 2301 1443 sincere
2326 1376 2668 1445 Sanctitati
2702 1401 2813 1445 ve·
2844 1392 2851 1398 ·

418 1492 590 1551 strae
634 1480 1038 1570 profitemur,
1084 1476 1366 1543 studium
1407 1500 1601 1544 omne
1638 1488 1933 1543 nostrum
1976 1488 2041 1543 et
2084 1500 2303 1543 curam
2342 1478 2820 1567 impendamus.

413 1582 690 1649 Interim
725 1578 1124 1647 Beatitudini
1157 1587 1412 1644 vestrae
1449 1588 1774 1664 tamquam
1816 1579 1896 1643 B.
1928 1578 2111 1644 Petri
2136 1577 2611 1667 Apostolorum
2633 1576 2823 1643 Prin-

415 1682 544 1771 eipi
601 1679 978 1748 Successori
1005 1724 1022 1753 ‚
1093 1678 1338 1743 Christi
1395 1679 1665 1744 Domini
1726 1680 1987 1745 Vicario
2017 1728 2037 1761 ,
2104 1678 2429 1763 totiusque
2490 1678 2827 1745 militanfis

419 1780 752 1850 Ecclesiae
795 1779 1006 1867 Capiti
1027 1828 1047 1860 ,
1109 1801 1332 1845 veram
1349 1828 1368 1862 ,
1425 1788 1493 1845 et
1546 1780 1862 1845 sinceram
1906 1777 2339 1845 obedientiam
2362 1826 2383 1860 ‚
2452 1798 2649 1861 quam
2695 1777 2827 1843 iam

415 1881 850 1973 promisimus,
893 1880 1130 1945 iterum
1174 1881 1644 1969 promittimus,
1694 1901 2027 1961 vovemus,
2074 1887 2141 1943 et
2182 1878 2487 1960 iuramus,
2532 1900 2609 1943 ac
2652 1878 2820 1943 mul-

413 1992 554 2065 tos,
623 1990 690 2046 et
729 1980 956 2046 felices
1009 2002 1213 2047 annos
1275 2004 1396 2069 pro
1439 1984 1611 2047 bono
1672 1978 1867 2046 totius
1910 1977 2247 2045 Ecclesiae
2292 1998 2379 2041 ex
2416 1976 2631 2041 animo
2677 1999 2825 2065 pre-

417 2102 654 2149 camur.

501 2228 789 2297 XXVII.
874 2232 1292 2298 Ludovici
1334 2230 1521 2297 XIV.
1568 2234 1801 2319 regis
1846 2230 2203 2299 Galliae
2272 2227 2744 2294 declaratio

1478 2356 1534 2397 a.
1582 2333 1764 2397 1693.

982 2448 1212 2535 Papae
1258 2447 1685 2513 Sanctissimo
1733 2446 1936 2513 Patri
1977 2444 2243 2512 Nostro.

591 2566 1010 2635 Sanctissime
1071 2567 1305 2631 Pater!
1365 2564 1674 2653 Magnam
1750 2587 2009 2655 semper
2070 2590 2107 2629 a
2146 2562 2513 2631 sanctitatis
2566 2572 2823 2629 vestrae

417 2668 501 2733 ad
543 2667 1000 2733 Pontificatum
1041 2665 1428 2731 exaltatione
1496 2666 1763 2753 concepi
1822 2686 2009 2753 spem
2047 2663 2129 2728 de
2174 2663 2557 2729 utilitatibus
2596 2662 2824 2729 Eccle-

421 2766 553 2833 siae
577 2814 596 2848 ,
665 2774 1050 2849 sanctaeque
1113 2764 1478 2852 Religionis
1534 2775 1793 2831 nostrae
1846 2763 2281 2831 incrementis.
2370 2760 2539 2827 Cum
2581 2784 2823 2849 magno

417 2864 766 2931 admodum
807 2864 1047 2951 gaudio
1093 2866 1400 2953 experior
1441 2865 1572 2931 iam
1612 2865 1769 2931 inde
1810 2865 2079 2929 effectus
2122 2864 2191 2927 in
2238 2864 2413 2931 omni
2461 2886 2581 2946 eo,
2645 2862 2823 2947 quod

419 2964 766 3033 Beatitudo
801 2973 1054 3029 vestrae
1098 2966 1462 3051 magnifice,
1508 2976 1573 3031 et
1606 2965 1851 3031 utiliter
1878 2965 1947 3031 in
1980 2964 2319 3050 utriusque
2356 2967 2603 3030 bonum
2634 2984 2824 3051 prae-

325 3079 344 3087 “
422 3074 566 3131 stat.
610 3065 692 3131 Id
740 3065 1004 3138 filialem
1047 3086 1266 3131 meum
1313 3087 1472 3153 erga
1512 3064 1933 3133 Sanctitatem
1976 3075 2259 3132 vestram
2298 3072 2671 3152 respectum
2714 3086 2824 3128 au-

421 3175 556 3252 get.
639 3164 728 3231 Et
763 3165 1064 3249 quoniam
1103 3165 1177 3230 id
1215 3166 1517 3232 desidero
1564 3166 1777 3231 eidem
1816 3166 2283 3233 efficacioribus
2329 3172 2637 3249 quantum
2676 3184 2824 3251 pos-

329 3266 336 3273 ’
421 3288 565 3333 sum
604 3265 1096 3353 probationibus
1139 3275 1366 3333 notum
1407 3267 1621 3332 facere
1640 3316 1661 3351 ‚
1731 3268 2131 3355 perlibenter
2171 3264 2508 3333 Sanctitati
2564 3272 2824 3329 vestrae

419 3365 702 3448 notificO,
745 3366 921 3454 quod
963 3368 1251 3431 dederim
1293 3367 1605 3431 mandata
1646 3371 2037 3433 necessaria»
2078 3381 2155 3431 ut
2212 3389 2321 3429 res
2366 3368 2436 3431 in
2476 3364 2618 3427 vieo
2663 3362 2825 3427 Edi-

417 3481 522 3533 cto
573 3467 714 3531 diei
749 3465 852 3531 22.
883 3464 1118 3531 Martii
1159 3466 1325 3533 1682
1365 3470 1546 3531 circa
1590 3468 2097 3531 declarationem
2140 3492 2183 3531 a
2228 3465 2435 3530 Olero-
2474 3464 2824 3530 Gallicano

409 3566 671 3655 factam
737 3566 893 3653 (quo
951 3589 1058 3631 me
1115 3568 1519 3635 conditiones
1584 3568 1971 3655 praeteritae
2028 3564 2415 3653 adegerant)
2483 3576 2826 3627 contentae

419 3692 553 3737 non
599 3670 1035 3741 observentur.
1064 3660 1515 3750 Desideratus,
1576 3678 1649 3733 ut
1690 3691 1821 3733 non
1868 3667 2077 3735 solum
2119 3666 2441 3737 Sanctitas
2481 3671 2701 3727 vestra
2744 3662 2825 3727 de

423 3770 583 3835 meis
621 3769 918 3835 sensibus
955 3768 1300 3833 informata
1337 3768 1462 3849 sit3
1528 3790 1757 3833 verum
1812 3768 2003 3833 etiam
2043 3778 2115 3833 ut
2156 3777 2327 3835 totus
2372 3764 2653 3830 mundus
2700 3764 2824 3829 sin-

419 3869 634 3957 gulari
675 3869 890 3954 aliquo
939 3869 1126 3955 signo
1175 3878 1533 3953 cognoscat
1572 3869 2055 3935 venerationem
2073 3917 2093 3951 ,
2158 3890 2287 3953 qua
2329 3887 2599 3951 magnas
2620 3913 2640 3945 ,
2682 3886 2824 3929 san-

422 3976 682 4053 ctasque
728 3968 1018 4034 eiusdem
1072 3967 1410 4052 qualitates
1467 3990 1847 4055 prosequor.
1948 3968 2101 4033 Non
2144 3967 2369 4033 dubito
2408 3965 2563 4051 quin
2608 3964 2825 4041 Beati-

423 4066 581 4133 tudo
644 4077 860 4133 vestra
917 4068 1249 4153 quibusvis
1310 4069 1563 4157 paterni
1620 4068 1719 4139 sui
1766 4090 1925 4155 erga
1970 4091 2075 4136 me
2116 4068 2387 4135 affectus
2430 4065 2823 4155 probationi-

422 4169 543 4235 bus
585 4176 652 4231 et
696 4166 1349 4233 demonstrationibus
1415 4190 1917 4257 coi-responsura
1977 4169 2077 4234 sit.
2182 4168 2288 4243 Et,
2305 4165 2567 4232 interim
2603 4166 2823 4231 Deum

427 4286 596 4351 rogo
616 4314 637 4348 ,
678 4276 750 4331 ut
795 4264 1216 4333 Sanctitatem
1261 4278 1543 4333 vestram
1584 4278 1923 4337 conservet
1963 4268 2147 4335 annis
2189 4266 2409 4335 multis
2428 4314 2448 4349 ,
2514 4275 2581 4331 et
2619 4286 2825 4351 aeque

433 4364 730 4429 felicibus
773 4388 849 4430 ac
891 4374 1086 4455 optat,
1129 4365 1547 4437 sanctissime
1593 4370 1787 4435 Pater
1870 4368 2171 4439 Versalia
2214 4368 2313 4443 14.
2360 4365 2545 4455 Sept.
2600 4366 2784 4433 1693.

1349 4482 1587 4552 Vester
1628 4484 2067 4553 Devotissime
2101 4485 2306 4553 mlius
2350 4485 2745 4551 Ludovioas.
