2959 4984
462 331 630 381 XLII.
699 329 946 384 BULLA
983 329 1124 382 PRO
1159 329 1406 382 REGNO
1443 329 2017 382 HANNOVERIANO
2056 331 2121 382 A.
2160 329 2317 383 1824.
2480 329 2586 384 269

173 497 402 584 Regni
445 497 853 578 selectorum,
899 517 1175 581 quorum
1219 496 1663 581 unusquisque
1710 496 2118 583 trigesimum
2162 519 2317 562 suae
2358 496 2585 562 aetatis

173 622 420 664 annum
449 597 532 663 ad
565 597 902 661 minimum
939 597 1379 684 compleverit,
1417 606 1481 660 et
1524 597 1905 682 indigenatu
1942 595 2273 685 praeditus
2306 597 2407 680 sit,
2452 607 2579 662 stu-

177 699 288 764 dia
331 699 404 762 in
445 697 829 782 Theologia,
877 705 942 761 et
986 697 1140 760 Iure
1178 695 1507 762 Canonico
1544 719 1689 761 cum
1725 697 1917 762 laude
1961 699 2329 780 absolverit,
2368 723 2585 765 curam

175 799 584 880 animarum,
644 807 755 862 aut
808 820 1038 861 munus
1083 797 1481 861 Professoris
1530 797 1601 861 in
1646 794 2024 862 Seminariis
2078 800 2351 886 egregie
2398 821 2583 864 exer-

177 901 426 982 cuerit,
474 907 583 962 aut
627 898 696 961 in
755 896 1275 962 administrandis
1298 896 1601 982 ,negotiis
1664 895 2131 962 Ecclesiasticis
2182 900 2585 981 excelluerit,

177 1000 426 1088 optima
467 999 637 1062 fama
679 997 980 1083 gaudeat,
1029 1019 1183 1061 sana
1225 996 1537 1079 doctrina,
1586 1005 1653 1061 et
1696 996 1973 1082 integris
2014 998 2097 1062 sit
2138 1000 2446 1064 moribuS.
2492 1001 2587 1064 At

177 1101 232 1164 si
293 1099 468 1164 forte
525 1097 756 1183 aliquis
809 1103 894 1162 ex
943 1095 1319 1162 Candidatis
1361 1097 1521 1185 ipsis
1574 1095 1913 1162 Gubernio
1963 1097 2045 1161 sit
2087 1097 2295 1162 minus
2338 1107 2585 1182 gratuS,

181 1199 563 1286 Capitulum
623 1220 659 1262 e
723 1198 1021 1282 catologo
1087 1219 1234 1262 eum
1279 1205 1657 1284 expunget,
1724 1198 1981 1282 reliquo
2026 1207 2243 1262 tamen
2266 1207 2587 1262 ‘manente

176 1299 528 1364 sufficienti
577 1295 1084 1364 Candidatorum
1127 1318 1418 1379 numer0,
1465 1319 1552 1361 ex
1596 1319 1723 1381 quo
1767 1320 1971 1362 novus
2013 1297 2377 1386 Episcopus
2422 1298 2579 1384 eligi

171 1400 412 1464 valeat.
465 1399 648 1463 Tunc
687 1419 844 1462 vero
893 1395 1262 1484 Capitulum
1291 1396 1390 1460 -ad
1433 1396 1823 1462 Canonicam
1868 1397 2269 1465 Electionem
2312 1399 2381 1463 in
2426 1398 2581 1486 Epi—

174 1523 454 1586 scopum
510 1498 698 1563 unius
753 1519 840 1562 ex
887 1496 1299 1578 Candidatis,
1371 1498 1482 1582 qui
1530 1507 1950 1584 supererunt,
2016 1499 2196 1562 iuxta
2246 1507 2582 1564 consuetas

171 1602 423 1665 formas
465 1596 800 1686 procedet,
843 1620 917 1662 ac
963 1588 1418 1662 documentum
1465 1596 1799 1662 electionis
1849 1599 1918 1662 in
1966 1598 2175 1662 forma
2216 1599 2582 1664 authentica

173 1701 349 1764 intra
389 1719 680 1764 mensem
729 1697 810 1762 ad
854 1695 1194 1763 Summum
1234 1696 1622 1761 Pontificem
1663 1698 1940 1786 perferri
1984 1699 2247 1765 curabit.

347 1797 592 1883 (XIV.)
688 1797 1026 1863 Confectio
1090 1806 1306 1864 autem
1351 1797 1707 1864 Processus
1748 1799 2139 1864 informativi
2186 1822 2383 1888 super
2430 1823 2581 1885 qua-

174 1900 468 1964 litatibus
506 1901 1110 1967 Promovendorum
1152 1901 1234 1965 ad
1274 1901 1575 1987 regimen
1613 1900 2097 1990 Episcopalium
2136 1900 2579 1966 Ecclesiarmu

171 1999 396 2085 Regni
441 2000 932 2068 Hannoveriani
950 2050 971 2084 ,
1035 2000 1142 2066 vel
1183 2000 1509 2088 Episcopo
1553 2001 1818 2066 alterius
1864 2000 2057 2067 Sedis
2106 2024 2239 2067 non
2278 2001 2583 2083 vacantis,

176 2099 283 2163 vel
324 2098 784 2166 Ecclesiastico
825 2101 998 2164 illius
1040 2100 1255 2186 Regni
1295 2099 1460 2165 Viro
1506 2099 1574 2165 in
1611 2100 1951 2186 Dignitate
1996 2101 2339 2166 constituta
2377 2126 2415 2166 a
2456 2101 2583 2166 Ro-

171 2221 366 2264 mano
411 2199 734 2265 Pontifice
777 2199 1227 2282 committetur,
1273 2207 1338 2264 et
1378 2200 1462 2264 ad
1504 2201 1779 2265 formam
1802 2201 2252 2266 Instructionis
2297 2205 2377 2266 ab
2404 2202 2585 2289 Apo-

175 2300 410 2364 stolica
454 2297 634 2365 Sede
675 2299 744 2364 in
789 2300 1061 2386 singulis
1107 2298 1356 2366 casibus
1409 2301 1939 2365 transmittendae
1987 2301 2391 2382 exarabitur,
2455 2323 2581 2384 quo

181 2410 455 2488 accepto
497 2398 806 2466 Summus
847 2399 1173 2481 Pontifex,
1221 2399 1275 2464 si
1319 2401 1711 2488 compererit
1745 2400 2274 2465 Promovendum
2314 2400 2583 2465 instruc-

99 2535 106 2544 ·
178 2509 316 2564 tum
357 2500 438 2564 iis
485 2499 761 2582 dotibus,
810 2520 968 2584 quas
997 2497 1181 2565 Sacri
1211 2498 1511 2566 Canones
1552 2501 1621 2564 in
1649 2499 1973 2588 Episcopo
2011 2500 2370 2584 requirunt,
2416 2521 2583 2583 eum,

180 2623 307 2685 quo
372 2599 558 2664 citius
619 2600 765 2664 fieri
818 2599 1091 2688 poterit,
1157 2599 1340 2665 iuxta
1397 2609 1664 2665 statutas
1721 2601 1961 2666 formas
2004 2622 2125 2689 per
2167 2599 2583 2688 Apostolicas

177 2700 466 2764 Litteras
513 2699 936 2764 confirmabit.

349 2799 558 2882 (XV.)
647 2797 722 2865 Si
767 2821 946 2882 ver0,
995 2810 1106 2864 aut
1130 2799 1380 2865 Electio
1419 2800 1683 2864 minime
1720 2801 1919 2866 fuerit
1946 2798 2271 2867 Canonice
2296 2810 2576 2889 peracta,

179 2908 290 2963 aut
335 2899 832 2964 Promovendus
894 2900 1240 2988 praedictis
1307 2901 1559 2966 dotibus
1624 2901 1972 2966 instructus
2019 2924 2155 2966 non
2198 2902 2580 2990 reperiatur,

183 3021 267 3063 ex
308 2999 576 3086 speciali
617 2999 824 3086 gratia
847 2999 1286 3086 indulgemus,
1332 3000 1507 3086 quod
1538 2999 1928 3066 Cathedrale
1952 2999 2326 3088 Capitulum
2352 3002 2434 3066 ad
2464 3023 2579 3066 no-

179 3123 328 3163 vam
365 3098 775 3164 Electionem
817 3109 890 3163 ut
933 3121 1126 3187 supra
1171 3100 1497 3166 Canonica
1540 3101 1847 3165 methodo
1891 3103 2105 3166 valeat
2140 3101 2522 3189 procedere.

347 3199 593 3284 (XVI.)
679 3199 906 3264 Novus
967 3199 1330 3289 Episcopus
1399 3204 1476 3266 ab
1544 3202 1730 3266 alteri
1790 3201 2006 3286 Regni
2066 3201 2391 3290 Episcopo
2453 3201 2581 3267 iam

180 3308 578 3382 consecratO,
624 3309 816 3384 atque
857 3301 1226 3364 facultatem
1277 3323 1589 3388 expresse
1628 3301 1710 3364 ad
1750 3301 1818 3365 id
1862 3305 1940 3367 ab
1986 3301 2367 3390 Apostolica
2404 3297 2583 3365 Sede

177 3401 495 3482 habente,
545 3399 987 3464 assistentibus
1038 3401 1288 3465 duobus
1337 3400 1475 3464 aliis
1523 3400 1872 3488 Episcopisx
1908 3401 1993 3464 ad
2036 3401 2161 3465 hoc
2204 3399 2469 3486 rogatiS,
2520 3407 2585 3462 et

181 3501 246 3564 in
289 3523 519 3565 eorum
565 3499 892 3564 defectum
939 3500 1191 3566 duobus
1231 3501 1543 3564 Praelatis
1588 3500 2067 3566 Pontificalium
2109 3523 2298 3566 usum
2323 3498 2584 3564 Haben-

180 3601 384 3683 tibus,
424 3601 531 3664 vel
581 3599 682 3663 his
727 3622 984 3684 quoque
1028 3600 1474 3666 deficientibus
1528 3601 1777 3668 duobus
1819 3601 2230 3688 Presbyteris
2280 3621 2316 3662 e
2367 3597 2581 3682 Regni

186 3700 380 3766 Clero
426 3701 494 3764 in
535 3700 988 3765 Ecclesiastica
1032 3701 1370 3786 Dignitate
1417 3703 1776 3768 constitutis
1823 3700 2317 3768 consecrabitur.

359 3799 644 3886 (XVII.)
726 3801 807 3866 In
857 3802 1320 3890 Capitularium
1384 3825 1726 3868 numerum
1792 3803 1899 3868 alii
1962 3825 2094 3867 non
2150 3801 2587 3882 admittentur,

183 3900 306 3965 nisi
351 3900 461 3984 qui
505 3901 906 3988 indigenam,
955 3911 1020 3967 et
1063 3903 1472 3987 qualitatibus
1516 3929 1552 3969 a
1596 3903 1815 3970 Sacris
1846 3902 2218 3969 Canonibus
2260 3900 2585 3986 requisitis

183 4000 463 4088 praediti
527 4001 654 4064 sint
671 4051 690 4084 ,
754 4001 1017 4088 triginta
1075 4004 1298 4068 saltem
1359 4027 1673 4070 annorum
1734 4013 2007 4069 aetatem
2052 4005 2357 4084 habeant,
2408 4003 2582 4066 etin

183 4099 652 4187 Prebyteratus
699 4100 950 4168 Ordine
1011 4103 1141 4168 sint
1199 4105 1561 4186 constituti,
1629 4105 1869 4190 quique
1913 4105 1980 4169 in
2022 4102 2391 4170 exercenda
2434 4123 2586 4166 cura

185 4187 612 4284 Animarum,
684 4203 793 4267 vel
855 4202 923 4267 in
985 4203 1111 4268 alio
1173 4205 1472 4269 obeundo
1520 4205 1973 4270 Ecclesiastico
2018 4202 2417 4284 Ministerio,
2475 4202 2584 4266 vel

183 4301 585 4368 Professoris
629 4325 898 4368 munere
939 4304 1009 4368 in
1037 4302 1402 4370 Seminario
1430 4304 1803 4393 Episcopali
1840 4305 2220 4392 conspicuos
2263 4325 2405 4368 sese
2434 4303 2583 4393 red-

186 4401 491 4467 diderint.

361 4501 670 4591 (XVIII.)
747 4504 1299 4589 Quotiescumque
1343 4527 1501 4569 vero
1545 4507 1935 4587 Decanatus,
1982 4514 2092 4570 aut
2134 4503 2583 4586 CanonieatuS,
