2959 4984
413 286 516 339 122
715 291 858 340 XXI.
935 292 1132 341 ORDO
1173 292 1629 343 CELEBRANDI
1670 292 2075 348 GENERALls
2108 298 2439 350 eoscum.

411 476 638 519 eorum
681 452 1075 536 qualitatem.
1147 452 1404 519 Caeteri
1445 434 1603 519 vero
1650 455 2043 541 sacerdotes,
2086 466 2153 522 et
2192 457 2459 541 Clerici,
2502 462 2617 547 qni
2660 462 2816 526 ade-

409 564 583 637 runt,
627 555 882 619 stabunt
924 562 1074 641 post
1117 577 1374 619 scamna
1411 554 1882 639 Praelatorum,
1920 567 1993 621 ut
2032 566 2359 644 poterunt.

1429 704 1642 796 Caput
1680 706 1801 773 VI.

898 824 1077 889 Ordo
1118 848 1342 889 rerum
1385 826 1820 911 yerendarum
1863 829 1932 891 in
1980 826 2315 893 Concdite.

612 959 936 1027 Ordinem
995 968 1210 1025 autem
1278 981 1497 1025 rerum
1568 960 1973 1047 agendarum
2038 984 2124 1027 ex
2188 960 2465 1047 antiquis
2528 962 2801 1026 concilis

412 1069 681 1150 propter
748 1058 974 1125 eorum
1035 1068 1422 1125 vetustatem
1469 1060 1784 1146 colligere
1836 1084 1969 1127 non
2019 1063 2349 1150 potuimus
2372 1110 2393 1143 ,
2438 1062 2565 1127 nisi
2615 1080 2797 1145 qum·

411 1170 547 1225 tum
585 1161 668 1225 ad
713 1160 1034 1225 sessiones
1071 1162 1389 1247 pertinet,
1463 1160 1533 1225 in
1574 1162 1809 1246 quibus
1854 1162 2143 1227 discussa
2190 1162 2621 1228 communiter
2666 1180 2797 1251 pto—

407 1264 811 1349 ponebantur
831 1309 850 1342 ‚
895 1269 959 1325 01
998 1282 1118 1349 per
1161 1261 1433 1325 verbum
1448 1310 1466 1343 ,
1512 1260 1903 1346 PLAOET,
1960 1288 1999 1328 a
2032 1265 2323 1352 patribus
2364 1264 2796 1329 firmabantur.

409 1358 549 1427 Sed
591 1362 898 1445 quoniam
937 1360 1440 1427 novissimorum
1479 1360 1942 1446 Conciliorum‚
1994 1363 2533 1444 C'omtantienaia,
2582 1356 2797 1427 etBa-

409 1461 698 1525 siciensis
743 1483 850 1527 res
909 1470 1134 1547 gestae
1196 1460 1695 1546 diligentissime
1760 1472 2101 1529 annotatae
2138 1465 2431 1548 fuerunt,
2490 1473 2559 1529 et
2596 1464 2649 1529 11
2692 1482 2797 1523 or-

405 1560 556 1627 dine
599 1561 749 1627 satis
794 1562 964 1627 inter
999 1583 1072 1627 se
1097 1571 1500 1647 congruunt,
1546 1562 1827 1629 modum
1860 1563 1932 1629 in
1974 1563 2106 1630 illis
2143 1574 2469 1631 servatum
2501 1560 2795 1654 pet-strin-

401 1680 668 1746 gemus:
737 1660 854 1727 sed
898 1660 1106 1726 defuit
1151 1662 1224 1727 in
1269 1662 1619 1727 Basiliensi
1688 1664 2199 1750 congregatione
2256 1660 2675 1731 multitudinis
2729 1660 2797 1725 in

405 1770 658 1827 sanctos
681 1761 1040 1851 Episcopos
1077 1763 1473 1842 reverentia,
1517 1772 1585 1828 01
1624 1765 2175 1851 superabundavit
2215 1766 2553 1841 temeritas,
2602 1769 2801 1845 atque

411 1862 816 1948 arrogantia,
887 1863 1148 1948 quando
1199 1885 1334 1927 non
1375 1862 1583 1950 pluris
1640 1864 1831 1929 fieret
1878 1867 2197 1931 sententia
2238 1867 2466 1954 optimi
2489 1862 2800 1946 cuiusque

409 1962 757 2045 Antistius,
807 1986 999 2048 quam
1041 1963 1288 2028 minimi
1334 1963 1663 2046 Canonici,
1702 1973 1769 2029 et
1808 1964 1876 2029 id
1926 1965 2100 2050 quod
2144 1967 2230 2032 ad
2260 1966 2611 2055 Episcopos
2655 1983 2799 2050 spe-

406 2071 566 2144 ctat,
611 2061 891 2127 diffinire
911 2113 932 2147 ,
979 2073 1046 2127 et
1087 2065 1336 2129 sancire
1385 2064 1835 2149 unusquisque
1880 2065 2000 2132 sibi
2046 2078 2406 2153 arrogaret,
2452 2062 2633 2129 unde
2674 2062 2798 2127 Ec-

415 2162 678 2227 clesiam
720 2163 886 2246 Dei,
955 2186 1148 2249 quam
1188 2164 1429 2229 imitari
1471 2166 1807 2247 convenit,
1852 2166 1923 2231 in
1969 2165 2341 2233 diuturnam
2376 2173 2440 2229 et
2480 2162 2803 2252 pernicio-

412 2285 547 2328 sam
589 2261 935 2329 scissuram
985 2264 1276 2329 adduxit.
1347 2263 1671 2331 Ordinem
1714 2264 1917 2351 igitur
1955 2266 2251 2355 profecto
2292 2263 2459 2329 :llius
2504 2262 2804 2346 Concilii,

412 2371 477 2428 et
517 2363 918 2450 procedendi
958 2364 1225 2431 modum
1268 2364 1641 2447 laudarem,
1704 2365 1757 2429 si
1798 2365 2116 2433 Praelatis
2160 2372 2395 2435 tantum
2417 2413 2437 2446 ,
2494 2372 2567 2429 111
2604 2363 2806 2451 prisci

414 2464 796 2546 voluerunt,
857 2465 1255 2531 decernendi
1285 2515 1304 2548 ‚
1369 2474 1436 2529 et
1492 2456 1857 2531 diffiniendi
1908 2477 2292 2555 potestatem
2336 2462 2803 2553 permisissent.

414 2560 553 2630 Sed
597 2565 1012 2631 abstinebunt
1077 2565 1178 2649 (ut
1219 2566 1525 2648 arbitror)
1574 2574 1799 2653 postea
1836 2567 2069 2633 horum
2116 2566 2409 2653 exemplo
2458 2566 2539 2630 ab
2582 2564 2805 2629 huius-

409 2664 587 2731 modi
641 2665 926 2729 novitate
949 2715 970 2748 ,
1036 2675 1102 2730 et
1145 2668 1312 2731 bene
1371 2666 1665 2731 ordinata
1719 2667 1973 2733 idoneis
2030 2666 2327 2733 ministris
2384 2665 2808 2731 committent.

411 2764 687 2831 Modum
745 2766 946 2850 igitur
1009 2767 1184 2831 hunc
1241 2769 1586 2833 servabant
1608 2818 1627 2851 ,
1704 2769 1813 2853 qui
1858 2772 2119 2836 absente
2161 2766 2481 2833 Pontifice
2540 2788 2675 2831 non
2712 2764 2809 2829 in-

415 2872 859 2951 competenter
908 2864 1180 2931 fortassc
1237 2866 1485 2931 servari
1525 2866 1767 2953 poterit
1785 2917 1806 2950 ,
1875 2869 1929 2934 si
1970 2866 2279 2935 Praelatis
2294 2916 2315 2950 ‚
2374 2875 2449 2931 ut
2494 2865 2805 2945 diximus,

419 2964 827 3049 relinquetur·
870 2974 1113 3031 tantum
1152 2965 1475 3031 statuendi
1512 2966 1799 3033 facultaS.

1407 3112 1624 3204 Caput
1663 3116 1819 3185 VH.

810 3229 914 3296 De
963 3230 1455 3297 Constantiensi
1495 3247 1555 3297 et
1600 3230 1961 3298 Basiliemi
2006 3230 2340 3299 Conciliis.

573 3363 866 3429 Primum
909 3388 1132 3431 omnes
1178 3367 1261 3431 ad
1282 3364 1649 3433 Concilium
1686 3365 2020 3431 venientes
2064 3366 2199 3431 sive
2228 3387 2370 3447 sue,
2414 3366 2553 3431 sive
2594 3365 2808 3431 alieno

413 3464 677 3531 nomine
719 3487 840 3553 per
884 3488 1176 3531 cursores
1232 3468 1721 3555 praeordinatos
1765 3466 2340 3535 describebantur:
2410 3474 2550 3531 tum
2591 3476 2813 3554 patres

413 3588 642 3631 omncs
691 3586 811 3653 per
851 3574 1123 3651 quatuor
1167 3566 1462 3633 nationes
1508 3563 1885 3634 dividebant
1925 3565 2378 3633 ITALICAM
2391 3616 2410 3649 ‚
2459 3565 2811 3633 GERMA-

410 3665 731 3749 NIGAM,
783 3664 1285 3749 GALLICAM,
1335 3676 1399 3731 et
1423 3665 2135 3735 HISPANOENSEM.
2196 3668 2277 3733 In
2324 3666 2817 3734 Constantiensi

415 3775 636 3833 tamen
677 3766 970 3853 synodo:
1019 3766 1170 3851 quia
1211 3767 1488 3856 Hispani
1535 3788 1679 3833 cum
1726 3791 1843 3833 suo
1886 3754 2413 3834 BENEDIGTO
2462 3764 2655 3831 XIII.
2702 3765 2816 3832 diu

410 3867 480 3931 in
518 3866 916 3931 contumacia
953 3865 1377 3953 persistentes
1421 3889 1555 3933 non
1602 3868 1927 3932 affuerunt
1949 3915 1970 3949 ,
2011 3865 2137 3931 nisi
2177 3865 2247 3932 in
2287 3866 2439 3931 fine.
2523 3864 2813 3933 ANGE·

409 3964 766 4031 LICANA
809 3974 1108 4051 quartum
1145 3967 1360 4033 locum
1407 3967 1705 4052 obtinuit,
1750 3988 1913 4052 quae
1953 3965 2253 4033 Basileae
2296 3988 2444 4032 cum
2472 3966 2816 4035 Gallicana

415 4075 517 4133 est
560 4074 1036 4133 connumerata.
1080 4064 1187 4131 Ex
1222 4067 1589 4135 nationibus
1629 4068 1769 4156 pari
1814 4090 1899 4133 cx
1926 4088 2311 4153 unaquaque
2349 4090 2623 4134 numero
2654 4090 2813 4153 qua-

414 4176 561 4233 tuor
603 4176 957 4233 conventus
1028 4170 1366 4235 creabant:
1443 4190 1603 4253 quas
1660 4191 1873 4235 sacras
1927 4167 2377 4257 deputationes
2423 4167 2815 4252 vocitabant,

411 4269 593 4353 locis,
633 4266 984 4350 vocabulis,
1034 4277 1099 4332 et
1142 4276 1462 4355 potestate
1509 4268 1838 4334 discretas,
1912 4268 2083 4334 Nam
2129 4268 2199 4333 in
2234 4270 2462 4356 prima
2501 4266 2659 4333 fidei
2706 4291 2807 4333 ear-

417 4369 732 4434 tholicae:
801 4368 1088 4433 secunda
1152 4367 1234 4431 de
1278 4390 1440 4456 pace
1478 4367 1706 4456 populi
1752 4367 2140 4437 Christiani:
2212 4370 2408 4435 tertia
2471 4368 2555 4433 de
2597 4367 2807 4433 refor-

418 4468 700 4533 matione
739 4467 1108 4550 Ecclesiae,
1161 4476 1226 4533 et
1263 4467 1332 4533 in
1371 4482 1702 4553 postrema
1760 4469 1847 4536 de
1886 4469 2027 4536 aliis
2074 4468 2557 4557 emergentibus
2598 4488 2809 4556 nego—
