2959 4984
430 298 732 349 xxxvm.
808 296 1055 349 BULLA
1100 298 1239 349 PRO
1277 296 1524 349 REGNO
1561 296 1965 352 BORUSSICO
2007 303 2070 353 A.
2109 298 2265 353 1821.
2455 302 2564 357 255

148 461 451 548 gnanimi
495 456 817 545 Principis
859 458 1143 522 animum
1164 508 1182 540 ,
1260 468 1326 523 et
1366 459 1938 547 propensissimam
1983 485 2141 549 erga
2191 464 2558 531 Catholicos

154 563 297 628 eius
361 558 651 647 Imperio
713 557 1035 623 subiectos
1095 560 1498 623 voluntatem
1555 583 1676 648 pro
1735 561 2106 627 ordinandis
2150 567 2393 650 absque
2436 569 2569 632 ulla

150 657 786 727 moraDioecesibus
828 658 1123 722 omnibus
1168 659 1384 743 Regni
1432 659 1776 724 Borussiae
1820 672 2042 749 aperte
2089 663 2459 749 declaravit,
2503 675 2580 731 et·

152 761 577 847 sequentibus
620 758 869 822 ratione
912 781 987 821 ac
1030 758 1223 823 modo
1251 758 1652 843 stabilienda,
1693 770 1757 825 et
1795 762 2176 849 applicanda
2207 767 2565 852 proposuit.

324 858 598 945 (XLII.)
688 857 905 945 Super
951 858 1227 945 publicis
1271 860 1488 944 Regni
1545 861 1748 945 sylvis
1794 862 2170 927 nominatim
2217 864 2559 950 designan-

151 963 254 1027 dis
304 969 407 1025 tot
452 981 685 1023 census
732 958 1111 1023 auctoritate
1155 960 1367 1047 Regia
1418 956 1865 1047 imponentur,
1933 972 2090 1047 quot
2133 973 2324 1028 erunt
2362 965 2564 1029 Dioe-

151 1084 341 1127 ceses
384 1057 725 1142 dotandae,
772 1067 837 1122 et
878 1060 946 1123 in
992 1060 1357 1146 respectiva
1398 1061 1783 1144 quantitate,
1828 1071 1900 1127 ut
1951 1085 2036 1127 ex
2074 1064 2152 1127 iis
2192 1065 2386 1128 annui
2429 1066 2561 1129 fru-

152 1174 295 1227 ctus
343 1163 425 1225 ab
470 1160 787 1242 omnibuS,
831 1160 1286 1245 cuiuscumque
1330 1160 1594 1245 generis
1607 1210 1627 1243 ,
1692 1162 1996 1227 oneribus
2045 1187 2310 1250 prorsus
2355 1167 2562 1231 libere

150 1262 411 1351 percipi
455 1260 708 1347 possint
751 1260 861 1344 qui
902 1260 1053 1324 satis
1098 1260 1258 1343 sint,
1320 1260 1429 1323 vel
1472 1262 1554 1325 ad
1597 1261 1918 1347 integram
1955 1264 2242 1350 ipsarum
2289 1266 2566 1331 Dioece-

155 1364 330 1428 sium
377 1360 775 1424 dotationem
820 1360 872 1423 si
916 1359 1161 1423 nullam
1206 1370 1352 1423 actu
1393 1360 1694 1443 habeant,
1739 1363 1848 1427 vel
1891 1363 1975 1426 ad
2018 1362 2566 1451 Supplementum

158 1460 466 1527 eiusdem
506 1458 847 1523 dotationis
916 1460 971 1523 si
1027 1468 1279 1545 partem
1339 1459 1620 1544 aliquam
1679 1484 1942 1526 suorum
1983 1464 2319 1528 Bonorum
2363 1465 2576 1530 adhuc

154 1558 586 1652 possideant,
646 1561 736 1624 ita
778 1569 853 1624 ut
892 1558 1208 1645 Singulae
1252 1560 1612 1626 Dioeceses
1658 1583 1768 1626 eos
1818 1584 2063 1629 annuos
2107 1549 2401 1629 redditus
2449 1567 2564 1631 im·

150 1671 499 1751 posterum
541 1662 842 1743 habeant,
890 1661 999 1745 qui
1034 1661 1405 1726 redditibus
1450 1684 1570 1748 pro
1615 1662 2177 1752 Archiepiscopali
2201 1714 2221 1747 ,
2263 1666 2374 1729 v-el
2413 1666 2568 1754 Epi-

153 1763 409 1850 scopali
452 1783 695 1843 mensa,
740 1784 861 1849 pro
912 1759 1233 1848 capitulo,
1285 1784 1402 1849 pro
1442 1760 1807 1827 Seminario
1840 1763 2268 1847 DioecesanO,
2315 1788 2564 1853 proque

150 1862 571 1947 suffraganeo
629 1862 879 1927 statutis
951 1862 1021 1925 in
1081 1862 1432 1945 quantitate
1492 1862 1763 1945 singulis
1826 1863 2096 1928 inferius
2157 1864 2562 1952 designanda

151 1962 453 2051 perfecte
491 1962 932 2050 respondeant
954 2012 973 2045 ,
1036 1964 1229 2046 atque
1275 1961 1648 2047 huiusmodi
1691 1984 2002 2027 censuum
2041 1964 2405 2051 proprietas
2448 1986 2570 2052 per

152 2064 601 2128 Instrumenta
638 2063 706 2126 in
747 2062 1059 2148 legitima,
1102 2060 1445 2146 validaque
1489 2062 1706 2147 Regni
1749 2062 1958 2127 forma
1999 2063 2379 2151 stipulanda,
2428 2074 2494 2129 et
2532 2090 2570 2129 a

152 2162 581 2251 praelaudato
623 2163 811 2248 Rege
872 2162 1335 2227 subscribenda
1393 2162 1743 2245 unicuique
1787 2162 2119 2227 Ecclesiae
2177 2164 2564 2229 conferetur.

152 2263 245 2327 Et
300 2262 605 2347 quoniam
670 2263 1041 2331 enunciatae
1088 2260 1333 2347 Sylvae
1350 2310 1370 2343 ,
1430 2270 1626 2348 prout
1687 2270 1754 2325 et
1817 2263 2074 2349 publica
2115 2264 2302 2327 Bona
2359 2264 2572 2328 omnia

151 2363 376 2448 Regni
424 2362 806 2444 Borussiae,
856 2363 937 2428 ob
981 2383 1093 2427 aes
1134 2362 1436 2443 alienum,
1478 2362 1558 2425 ab
1607 2360 1965 2443 GuberniO,
2009 2361 2330 2426 bellorum
2377 2385 2568 2427 causa

158 2468 597 2545 contractum,
656 2462 1027 2550 hypotheca
1068 2470 1335 2547 gravata
1398 2470 1581 2543 sunt,
1667 2470 1858 2545 atque
1907 2462 1988 2525 ob
2033 2459 2104 2524 id
2151 2482 2346 2548 super
2389 2462 2572 2526 nulla

154 2585 383 2627 earum
426 2573 611 2649 parte
632 2584 885 2644 ,census
925 2562 1169 2650 imponi
1212 2582 1581 2645 eorumque,
1613 2560 1858 2625 fructus
1889 2561 2159 2649 percipi,
2207 2562 2382 2626 salva
2403 2561 2567 2645 fide,

150 2672 465 2750 possunt,
510 2670 851 2745 antequam
893 2662 1245 2743 imminuta,
1298 2683 1417 2749 per
1463 2661 1820 2726 solutiones
1861 2686 1898 2725 a
1943 2660 2280 2727 Gubernio
2331 2660 2559 2727 Credi-

154 2763 407 2829 toribus
448 2762 932 2849 hypothecariis
972 2762 1206 2844 factas,
1266 2762 1435 2826 aeris
1482 2762 1677 2825 alieni
1719 2785 2000 2844 summa,
2061 2761 2389 2826 sufficiens
2435 2761 2567 2847 syl-

152 2886 387 2928 varum
432 2863 751 2946 quantitas
793 2862 1202 2949 hypothecae
1243 2862 1502 2927 vinculo
1548 2862 1818 2927 liberata
1855 2862 2084 2946 fuerit3
2147 2884 2421 2947 cumque
2467 2883 2567 2926 se-

156 2963 446 3028 cundum
488 2963 731 3048 legem,
778 2984 905 3047 qua
947 2960 1417 3027 Serenissimus
1459 2961 1609 3027 Rex
1651 2960 2102 3027 Creditoribus
2149 2962 2422 3050 publicis
2469 2986 2568 3025 ca·-

155 3065 288 3146 vit,
354 3084 525 3127 anno
568 3062 916 3125 millesimo
962 3061 1498 3147 octingentesimo
1541 3061 1878 3146 trigesimo
1919 3061 2114 3125 tertio
2157 3087 2195 3125 a
2231 3062 2570 3147 Magistra-

158 3164 335 3228 tibus
386 3160 835 3227 definiendum
872 3162 996 3243 sit,
1058 3162 1167 3246 qui
1208 3161 1352 3247 agri
1395 3163 1475 3226 ab
1509 3182 1586 3225 eo
1619 3160 1878 3224 vinculo
1925 3160 2142 3243 soluti,
2181 3163 2419 3247 quique
2463 3161 2573 3225 ad-

155 3265 286 3329 huc
329 3263 491 3327 nexi
534 3264 975 3344 remanebunt,
1018 3262 1171 3327 hinc
1204 3261 1612 3326 decernimus
1645 3260 2011 3347 praedictos
2061 3260 2332 3345 Census,
2379 3284 2574 3351 super

157 3363 377 3451 sylvis
424 3361 1012 3450 supramemoratis,
1060 3360 1230 3424 dicto
1263 3360 1461 3424 Anno
1495 3359 1840 3423 millesimo
1886 3360 2426 3445 octingentesimo
2463 3361 2574 3427 tri-

155 3467 417 3553 gesimo
463 3463 690 3545 tertie,
738 3471 805 3525 et
850 3461 1033 3525 citius
1082 3461 1272 3525 etiam
1336 3460 1390 3523 si
1432 3462 1612 3547 prius
1657 3459 2016 3525 antedictae
2061 3462 2287 3547 sylvae
2329 3465 2407 3527 ab
2451 3463 2570 3547 hy-

154 3568 447 3656 potheca
488 3564 716 3627 saltem
778 3584 899 3649 pro
942 3570 1082 3626 rata
1124 3560 1455 3627 Censuum
1498 3560 2043 3648 imponendorum
2087 3562 2394 3625 liberatae
2435 3561 2573 3626 fue-

154 3668 325 3751 rint,
376 3688 525 3730 esse
564 3663 1019 3751 imponendos,
1067 3671 1546 3751 proptereaque
1589 3686 1627 3726 a
1669 3663 1944 3748 singulis
1987 3661 2416 3727 Dioecesibus
2459 3660 2576 3724 im·

155 3768 447 3834 mediate
488 3766 717 3829 saltem
757 3774 905 3852 post
954 3786 1193 3827 annum
1256 3763 1672 3827 millesimum
1731 3760 2335 3847 octingentesimum
2377 3760 2576 3846 trige-

154 3872 405 3936 simum
442 3866 707 3930 tertium
744 3864 1223 3952 praedictorum
1258 3862 1587 3929 Censuum
1619 3864 1862 3927 fructus
1912 3882 2055 3926 esse
2086 3860 2572 3949 percipiendos3

166 3994 261 4036 ex
318 3989 499 4033 nunc
543 3974 757 4030 autem
797 3986 1004 4049 usque
1050 3965 1133 4029 ad
1177 3973 1383 4029 totum
1426 3987 1668 4027 annum
1707 3963 2124 4028 millesimum
2177 3962 2577 4059 octingente-

162 4073 411 4137 simum
440 4066 852 4152 trigesimum
882 4066 1162 4147 tertium,
1180 4064 1289 4128 vel
1330 4086 1537 4147 usque
1564 4063 1647 4127 ad
1669 4064 2048 4127 celeriorem
2067 4063 2384 4127 dictorum
2409 4061 2576 4128 Cen-

160 4193 355 4237 suum
394 4165 901 4254 impositionem,
948 4166 1245 4231 eamdem
1275 4165 1532 4249 argenti
1569 4185 1882 4228 summam
1911 4163 2224 4228 fructibus
2248 4160 2577 4227 Censuum

159 4269 683 4359 respondentem
727 4269 806 4332 ab
838 4265 1137 4332 Aerariis
1151 4263 1670 4329 Provincialibus
1710 4262 2056 4347 unicuique
2077 4262 2386 4328 Dioecesi
2434 4282 2576 4326 esse

160 4366 661 4437 numerandam:
700 4364 809 4432 Ne
847 4388 1007 4431 vero
1049 4366 1186 4429 ullo
1236 4363 1433 4430 modo
1479 4362 1940 4443 numerationis
1987 4363 2364 4451 prorogatio
2408 4362 2579 4427 ultra

164 4494 411 4537 annum
458 4468 881 4533 millesimum
936 4464 1545 4551 octingentesimum
1599 4462 2006 4547 trigesimum
2059 4462 2320 4528 tertium
2359 4461 2574 4527 timeri
