2959 4984
376 299 466 348 VI.
540 293 840 348 REGULA
877 293 1412 346 CHRODOGANGI
1449 293 1781 350 EPISOOPI
1816 291 2187 346 METENSIS.
2386 291 2459 344 43
2532 325 2539 334 ·

84 462 378 545 cessaria3
421 460 704 546 qualiter
747 479 912 544 opus
937 457 1178 522 bonum
1205 455 1382 541 quod
1407 455 1557 520 Deo
1591 454 1945 543 inspirante
1978 453 2209 541 coepit,
2250 453 2453 520 adim-

79 562 244 649 plere
285 561 522 626 valeat.

676 703 833 794 Cap.
879 701 1173 768 XXXII.
1261 699 1364 766 De
1409 701 1844 788 eleemosynis·

211 828 333 904 ,De
393 823 830 908 eleemosynis
888 819 1277 908 accipiendis
1309 819 1423 912 ,ita
1469 817 1911 884 constituimus
1932 869 1952 902 ,
2019 830 2091 884 ut
2130 821 2183 886 si
2226 821 2457 908 aliquis

75 927 172 990 uni
214 925 533 991 sacerdoti
581 944 702 1012 pro
744 921 946 986 Missa
995 944 1140 1002 sua,
1182 919 1292 984 vel
1333 941 1453 1006 pro
1504 918 1924 1004 confessione,
1958 930 2073 1004 aut
2096 919 2145 1006 ¹)
2188 921 2458 986 infirmi-

75 1035 222 1108 tate,
289 1047 408 1090 seu
461 1047 584 1114 pro
627 1021 917 1108 quolibet
961 1043 1107 1085 caro
1170 1043 1286 1084 suo
1331 1028 1441 1084 aut
1473 1019 1735 1083 vivente
1779 1029 1888 1084 aut
1924 1029 2175 1092 mortuo
2219 1019 2463 1104 aliquid

71 1127 130 1190 in
191 1126 612 1210 eleemosyna
674 1121 830 1185 dare‘
882 1119 1195 1204 voluerit,
1256 1119 1382 1183 hoe
1419 1119 1725 1186 sacerdos
1750 1119 1801 1204 ²)
1847 1144 1884 1184 a
1927 1119 2247 1184 tribuente
2294 1119 2452 1184 acci·

73 1228 210 1314 piat,
261 1235 328 1290 et
374 1223 618 1289 exinde
669 1221 844 1307 quod
887 1220 1168 1284 voluerit
1207 1220 1413 1284 faciat.
1488 1217 1563 1285 Si
1606 1230 1820 1284 autem
1864 1219 1946 1283 ad
1989 1241 2211 1284 omnes
2254 1241 2459 1286 sacer-

76 1326 245 1389 dotes
299 1325 421 1388 sub
461 1322 575 1386 tali
620 1321 1008 1402 conditione,
1052 1341 1167 1384 scu
1207 1342 1327 1408 pro
1368 1319 1660 1404 quolibet
1695 1318 1889 1384 modo
1925 1319 2163 1402 aliquid
2193 1319 2262 1385 in
2292 1319 2459 1385 elee-

75 1447 330 1510 mosyna
359 1421 516 1488 dare
540 1422 840 1504 voluerit,
883 1420 1010 1484 hoc
1041 1419 1298 1484 omnino
1331 1429 1458 1482 tam
1490 1419 1570 1483 ad
1594 1441 1817 1484 omnes
1846 1417 2236 1504 sacerdoteS,
2268 1441 2459 1504 quam

79 1525 150 1588 ad
201 1546 427 1590 omnes
473 1522 810 1587 canonicos
857 1521 1106 1603 veniat,
1178 1530 1244 1584 et
1288 1542 1512 1586 omnes
1550 1521 1719 1585 hanc
1762 1521 2243 1606 eleemosynam
2290 1543 2461 1584 com-

75 1647 322 1688 munem
363 1623 662 1687 habeant.
757 1617 1072 1686 Similiter
1121 1629 1186 1683 et
1225 1620 1377 1685 illae
1419 1620 1874 1706 eleemosynae
1894 1669 1913 1702 ,
1964 1633 2127 1706 quae
2168 1620 2237 1686 in
2285 1644 2454 1685 com·

75 1744 253 1789 mune
309 1721 398 1788 ad
450 1741 709 1787 omnem
764 1720 1008 1784 clerum
1061 1719 1329 1784 veniunt
1387 1741 1611 1784 omnes
1669 1719 1737 1784 in
1784 1742 2121 1784 commune
2160 1721 2456 1802 habeant,

79 1833 134 1886 et
167 1822 614 1912 psalmodiam,
659 1820 768 1884 vel
801 1818 1028 1884 Missas
1072 1842 1191 1907 pro
1211 1819 1262 1903 ³)
1305 1819 1464 1908 ipsis
1510 1815 1961 1904 eleemosyniS,
2004 1830 2076 1884 ut
2110 1820 2449 1910 episcopus

73 1922 426 2005 instituerit,
467 1921 716 1985 faciant.

227 2021 392 2086 Ideo
437 2029 654 2084 autem
688 2040 1054 2083 mensuram
1089 2019 1530 2086 sacerdotibus
1567 2020 1647 2084 de
1672 2015 2112 2105 ‘eleemosynis
2142 2019 2457 2108 recipien-

81 2121 164 2186 dis
205 2123 288 2187 ad
333 2144 500 2210 opus
545 2119 883 2208 proprium
925 2119 1229 2184 fecimus:
1277 2119 1485 2204 quia⁴)
1524 2120 1750 2184 animis
1794 2139 1995 2206 grave
2041 2118 2296 2207 pondus
2323 2119 2457 2184 exi·

83 2222 464 2286 stimavimus
511 2220 604 2296 eis
649 2241 810 2302 esse,
861 2221 913 2284 si
953 2229 1083 2284 tam
1109 2221 1400 2306 ingentia
1429 2243 1625 2285 onera
1650 2218 2055 2310 peccantium
2070 2219 2121 2304 5)
2152 2220 2305 2285 solis
2331 2221 2461 2287 illis

79 2321 506 2386 sacerdotibus
547 2319 956 2406 contingeret
983 2329 1278 2408 portare3
1326 2321 1495 2404 Quia
1524 2320 1772 2385 facilius
1800 2319 1928 2386 Dei
1957 2319 2462 2386 misericordiam

77 2421 281 2508 plures
322 2421 681 2508 impetrant
719 2442 840 2506 pro
886 2420 1331 2507 peccatoribus
1349 2469 1369 2503 ,
1416 2442 1607 2505 quam
1650 2442 1836 2501 unuS,
1888 2419 2173 2502 quamvis
2220 2418 2463 2485 studio·

77 2544 204 2604 sus;
249 2532 314 2587 et
349 2519 797 2606 unusquisque
831 2518 913 2583 de
943 2520 1207 2607 propria
1238 2520 1624 2586 conscientia
1655 2519 1849 2584 debet
1874 2527 2187 2600 metuere,
2228 2527 2460 2602 quanto

77 2622 268 2707 magis
336 2621 422 2685 de
484 2619 710 2684 alienis
771 2620 1050 2708 peccatis
1111 2643 1246 2686 non
1292 2621 1489 2686 debet
1534 2621 1655 2686 sibi
1702 2642 1895 2706 supra
1929 2618 2102 2684 vires
2151 2618 2464 2684 sarcinam

75 2731 478 2806 peccatorum
517 2720 864 2785 cumulare.

222 2819 362 2884 Has
424 2819 874 2905 eleemosynas
935 2819 1462 2903 archidiaconus,
1526 2829 1635 2884 aut
1675 2819 2079 2908 primicerius
2126 2805 2458 2909 recipiant,

82 2927 136 2982 et
171 2920 237 2984 in
277 2919 770 2985 necessitatibus
811 2920 1112 3004 fratrum,
1157 2930 1229 2986 ut
1276 2921 1368 2986 eis
1413 2944 1574 3010 opus
1618 2921 1830 3003 fuerit,
1876 2929 1940 2986 et
1984 2920 2321 3008 episcopus
2362 2920 2457 2986 iu-

84 3017 411 3102 dicaverit,
474 3018 646 3106 ipsas
688 3020 1098 3108 expendant:
1148 3029 1214 3085 et
1256 3021 1309 3086 si
1350 3018 1593 3105 aliquid
1640 3020 1880 3086 exinde
1924 3019 2345 3110 superfuerit,
2392 3020 2463 3086 in

77 3119 378 3184 vestiariis
416 3119 688 3184 fratrum
729 3120 1101 3184 recondant.

84 3247 223 3340 Cap.
265 3251 596 3318 XXXIII.
683 3251 931 3317 Diebus
977 3251 1343 3318 Dominicis
1369 3300 1387 3334 ,
1433 3253 1540 3318 vel
1568 3251 2049 3337 festivitatibus
2090 3267 2460 3320 sanctorum

341 3355 627 3442 qualiter
665 3352 757 3417 ad
795 3353 1172 3438 capitulum,
1222 3376 1336 3416 seu
1378 3353 1468 3416 ad
1512 3351 1783 3416 Missam
1830 3365 2191 3417 occurrant.

261 3472 346 3538 In
415 3471 645 3536 diebus
704 3470 1062 3536 Dominicis
1092 3519 1112 3553 ,
1190 3471 1301 3536 vel
1360 3470 1810 3536 festivitatibus
1883 3479 2247 3536 sanctorum
2268 3523 2288 3556 ,
2353 3481 2463 3536 aut

83 3572 324 3654 quando
363 3571 626 3636 iusserit
665 3570 1000 3658 pontifex,
1059 3571 1174 3635 vel
1218 3570 1327 3654 qui
1375 3571 1495 3636 sub
1540 3591 1617 3634 eo
1663 3580 1843 3652 sunt,
1908 3593 2095 3636 mane
2135 3581 2285 3660 post
2328 3571 2459 3660 pri-

83 3691 235 3736 mam
277 3680 592 3736 cantatam
637 3691 858 3734 omnes
901 3669 1248 3736 induantur
1291 3670 1677 3734 vestimenta
1696 3719 1717 3752 ,
1785 3670 2095 3735 officiales
2138 3694 2283 3736 cum
2323 3670 2459 3757 pla-

85 3770 271 3852 netis,
339 3770 508 3834 sieut
529 3769 712 3835 ordo
759 3769 1225 3834 ecclesiasticus
1265 3769 1503 3850 habet,
1548 3779 1615 3833 et
1656 3770 1785 3834 sint
1827 3770 2065 3858 parati,
2116 3779 2181 3834 et
2220 3773 2463 3854 absque

85 3891 246 3934 mora
285 3870 370 3934 ad
413 3869 700 3934 officium
743 3891 890 3932 cum
930 3869 1338 3934 festinatione
1383 3879 1739 3934 occurrant.
1782 3867 1878 3936 Ut
1918 3878 2133 3934 autem
2172 3870 2461 3936 auditum

85 3969 262 4034 fuerit
297 3969 582 4058 primum
625 3967 886 4054 signum
900 4017 920 4051 ,
989 3991 1211 4033 omnes
1257 3969 1340 4034 ad
1387 3971 1739 4057 capitulum
1781 3970 2077 4052 veniant,
2140 3979 2209 4034 et
2248 3970 2464 4037 audita

83 4067 364 4153 lectio-ne,
403 4072 524 4135 sub
564 4092 694 4135 uno
737 4068 1045 4134 accedant
1085 4070 1168 4136 ad
1215 4071 1588 4153 ecclesiam3
1636 4080 1701 4136 et
1742 4072 1910 4135 facto
1952 4070 2238 4136 secundo
2269 4071 2459 4158 signo

264 4283 318 4347 1)
356 4281 432 4334 al.
469 4282 570 4334 aut
605 4278 812 4334 clerieo
845 4295 952 4348 pro
983 4280 1210 4348 psalmis
1245 4283 1303 4334 et
1343 4279 1577 4348 hymnis,
1611 4295 1709 4333 seu
1740 4295 1845 4348 pro
1882 4277 2079 4358 seipso.
2280 4281 2338 4347 2)
2380 4282 2457 4333 al.

87 4366 162 4418 vel
191 4367 440 4424 clericus.
675 4368 735 4434 3)
771 4369 848 4420 al.
887 4383 991 4434 pro
1025 4365 1123 4421 illo
1159 4366 1521 4422 misericorde
1554 4365 1777 4422 faciant.
2036 4366 2093 4434 4)
2130 4367 2290 4438 Leqe,
2330 4366 2461 4434 quia

85 4451 248 4510 nimis.
447 4457 506 4525 ὅ)
545 4457 620 4510 al.
663 4453 1064 4524 peccaminum.
