2959 4984
640 306 780 356 LIX.
858 301 1204 355 APOSTOL.
1245 300 1485 352 BREVE
1529 296 1685 349 VOM
1726 295 1813 349 30.
1854 293 2017 349 mm
2058 292 2215 349 1830.
2504 292 2611 349 347

199 494 335 557 que
369 472 688 536 Vestrum
735 474 892 550 erat,
940 463 1314 551 exemplum
1355 460 1590 526 imitari
1616 458 2109 547 Apostolorum,
2154 461 2263 547 qui
2289 460 2615 527 silentium

199 572 646 638 indicentibus
693 565 1070 653 evangelica
1113 564 1412 629 libertate
1453 561 1969 649 responderunt:
2024 562 2317 629 Obedire
2360 571 2617 651 oportet

205 674 359 738 Deo
403 670 637 757 magis,
687 691 878 755 quam
923 666 1310 731 hominibus.

383 772 560 857 (IV.)
650 772 904 837 Verum
968 765 1505 832 dissimulandum
1548 764 1755 830 Nobis
1818 787 1951 829 non
1993 773 2124 847 est,
2182 764 2613 829 Venerabiles

205 873 510 955 FratreS,
573 870 825 958 quantis
864 875 1196 957 prematur
1237 864 1553 951 angustiis
1599 887 1709 928 cor
1754 864 2099 947 Nostrum,
2148 885 2233 927 ex
2275 886 2354 927 eo
2402 864 2611 948 etiam,

207 973 389 1061 quod
448 972 812 1061 accepimus
833 1020 852 1055 ,
916 970 1117 1034 fuisse
1175 967 1456 1051 aliquem
1500 986 1535 1029 e
1582 973 1801 1029 vestro
1829 955 2153 1048 ''nu'mer0,
2217 964 2327 1051 qui
2370 972 2614 1030 tantum

203 1076 427 1157 abest,
491 1082 566 1139 ut
607 1072 939 1139 Ecclesiae
991 1070 1364 1137 Catholicae
1421 1072 1689 1156 eiusque
1748 1071 2078 1135 doctrinae
2124 1070 2431 1136 defensor
2475 1069 2609 1134 exi-

208 1174 400 1240 sterit
451 1196 826 1262 repugnans
872 1172 1264 1238 novitatibus
1313 1180 1378 1235 et
1427 1171 1751 1237 erroribus
1767 1220 1786 1253 ,
1858 1180 1923 1235 et
1968 1170 2372 1236 concreditos
2421 1191 2611 1235 curae

206 1296 367 1340 suae
392 1273 628 1339 fideles
647 1272 904 1339 monitis
925 1272 1220 1337 moniens
1242 1271 1741 1360 praeceptisque
1767 1270 2171 1353 salutaribuS,
2188 1280 2262 1335 ut
2284 1271 2474 1335 etiam
2494 1292 2608 1335 no-

204 1375 514 1441 vitatibus
557 1374 710 1457 illis,
755 1397 828 1438 ac
871 1372 1048 1439 falsis
1099 1372 1518 1457 erroneisque
1562 1370 1896 1459 principiis
1944 1393 2230 1455 assensu,
2278 1382 2605 1459 operaque

207 1500 326 1541 sua
387 1475 836 1541 auctoritatem
887 1498 962 1539 ac
1014 1476 1216 1539 robur
1275 1474 1635 1560 adiungere
1678 1495 1811 1537 non
1857 1472 2264 1538 dubitaverit.
2362 1468 2611 1558 Culpae

205 1576 500 1664 gravitas
543 1575 713 1657 facit,
756 1583 830 1639 ut
873 1574 1101 1639 falsam
1147 1574 1589 1639 existimemus
1631 1573 2139 1657 accusatio‘nem3
2201 1570 2392 1637 nimis
2438 1569 2609 1634 enim

207 1677 522 1743 abhorret
559 1675 810 1741 animus
853 1700 890 1739 a
937 1684 1066 1739 tam
1106 1675 1418 1739 iniurioso
1467 1674 1551 1739 de
1573 1674 1780 1739 Vobis
1817 1674 2077 1758 iudicio,
2120 1683 2194 1738 ut
2226 1693 2613 1759 quemquam

208 1776 527 1841 Vestrum
571 1774 908 1840 credamus
940 1774 1271 1840 Ecclesiae
1299 1774 1453 1840 Iesu
1486 1774 1726 1840 Christi
1770 1796 2025 1839 causam
2066 1774 2135 1839 in
2175 1794 2250 1838 re
2294 1770 2452 1837 tanti
2475 1792 2608 1835 mo-

208 1876 416 1941 menti
459 1875 744 1964 prodere
786 1875 1107 1963 potuisse,
1152 1874 1372 1961 quanti
1421 1897 1497 1939 ea
1538 1883 1705 1958 sunt,
1747 1874 1816 1939 in
1864 1874 2094 1960 quibus
2143 1871 2611 1939 constitutionis

213 1977 354 2041 eius
398 1976 498 2041 vis
547 1983 612 2040 et
659 1975 934 2041 essentia
977 1977 1118 2063 ipsa
1160 1975 1370 2063 posita
1409 1983 1525 2039 est.
1566 1974 1801 2060 Neque
1848 1974 2039 2058 enim,
2088 1974 2212 2040 nisi
2258 1974 2431 2040 laesa
2476 1973 2611 2061 pla-

210 2096 431 2163 neque
490 2078 865 2165 perturbata
906 2076 1238 2141 Ecclesiae
1299 2075 1604 2141 divinitus
1662 2074 1952 2141 instituta
2009 2076 2262 2140 ratione
2320 2074 2463 2163 ipsa
2503 2097 2612 2139 na-

210 2186 490 2261 turaque
532 2176 871 2263 regiminis
916 2176 1061 2243 fieri
1104 2184 1338 2265 potest,
1381 2185 1454 2239 ut
1496 2176 1630 2240 ulla
1668 2176 1738 2239 in
1782 2190 1925 2240 eam
1963 2175 2205 2240 saeculi
2250 2174 2617 2239 dominetur

205 2286 499 2365 potestas
512 2326 534 2360 ,
603 2284 714 2342 aut
773 2276 910 2341 eius
955 2276 1330 2343 moderetur
1379 2276 1701 2359 doctrina,
1772 2284 1881 2339 aut
1946 2276 2245 2359 obsistat,
2312 2296 2397 2340 ne
2462 2297 2608 2339 cum

204 2378 422 2467 prima
465 2378 624 2442 sede
666 2378 1190 2461 communicetur,
1234 2377 1314 2442 ad
1346 2400 1556 2463 quam,
1598 2384 1761 2441 teste
1792 2373 1863 2442 S.
1892 2374 2166 2441 Irenaeo
2197 2382 2469 2463 propter
2496 2397 2612 2463 po-

205 2478 450 2544 tiorem
488 2477 1034 2567 principalitatem
1075 2500 1345 2543 necesse
1390 2486 1508 2560 est,
1556 2498 1811 2541 omnem
1860 2474 2206 2541 convenire
2231 2472 2612 2555 Ecclesiam,

203 2589 274 2643 et
317 2600 456 2662 eos,
505 2578 615 2663 qui
661 2588 810 2644 sunt
851 2578 1139 2664 undique
1189 2578 1442 2662 fideles,
1492 2578 1730 2663 quique
1772 2576 1959 2641 aliam
2003 2576 2206 2640 vellet
2254 2574 2389 2639 eius
2437 2573 2611 2659 regi—

201 2678 400 2745 minis
445 2678 720 2744 formam
763 2678 1076 2743 inducere
1098 2729 1118 2763 ,
1160 2679 1248 2762 is,
1295 2687 1368 2743 ut
1405 2678 1618 2763 inquit
1657 2686 1914 2743 sanctus
1961 2675 2347 2765 Cyprianus,
2388 2674 2611 2739 huma-

201 2802 361 2845 nam
403 2788 748 2844 conaretur
785 2779 1000 2844 facere
1043 2778 1428 2844 Ecclesiam.

379 2881 519 2966 (V.)
609 2881 807 2963 Quod
824 2880 1052 2966 Vobis,
1079 2880 1511 2946 Venerabiles
1539 2878 1823 2963 FratreS,
1860 2877 2097 2945 Officia
2131 2876 2200 2940 in
2236 2874 2612 2939 memoriam

203 3000 592 3046 revocamus
637 2979 1004 3071 Apostolici
1043 2980 1424 3065 Ministerii,
1466 2981 1537 3045 id
1584 3002 1661 3045 eo
1712 2978 1977 3045 consilio
2022 2977 2313 3059 fecimus,
2354 2985 2429 3041 ut
2472 2976 2613 3040 Vos

211 3081 675 3147 confirmemus
689 3131 710 3166 ,
756 3090 844 3168 et,
893 3082 946 3147 si
993 3082 1258 3167 quidem
1305 3104 1464 3169 opus
1513 3082 1614 3165 sit,
1660 3082 2035 3163 excitemus,
2079 3079 2162 3144 ad
2202 3078 2345 3142 iura
2387 3076 2611 3141 Eccle-

205 3180 348 3247 siae
391 3202 644 3247 summo
685 3182 900 3248 studio
943 3182 1308 3265 asseranda,
1353 3182 1829 3267 tenendamque
1861 3204 2079 3246 sanam
2114 3178 2473 3243 doctrinam
2500 3178 2609 3261 ita,

207 3292 284 3349 ut
325 3282 594 3349 minime
643 3283 948 3349 dubitetis
996 3305 1186 3369 quam
1227 3284 1463 3348 rationi
1507 3307 1583 3349 ac
1624 3282 1901 3349 iustitiae
1942 3280 2405 3360 adversentur,
2450 3300 2614 3363 quae

206 3385 321 3449 vel
365 3393 664 3473 suscepta
703 3393 887 3467 sunt,
952 3385 1061 3449 vel
1101 3384 1172 3448 in
1217 3406 1294 3449 eo
1337 3392 1466 3467 est,
1510 3391 1583 3448 ut
1621 3382 2049 3471 suscipiantur
2088 3380 2451 3471 perniciosa
2490 3378 2612 3445 Ec-

211 3476 456 3551 clesiae
497 3484 794 3569 consilia,
834 3485 914 3550 iis
956 3484 1338 3568 ostendere,
1383 3484 1557 3573 apud
1602 3506 1761 3569 quos
1803 3483 1911 3571 agi
1960 3504 2228 3549 necesse
2275 3481 2374 3547 sit.
2464 3479 2618 3569 Ipsa

206 3585 477 3671 quidem
522 3607 747 3651 causae
791 3586 1048 3651 bonitas
1093 3608 1168 3650 ac
1206 3584 1484 3665 iustitia,
1546 3593 1610 3649 et
1652 3584 1869 3650 ovium
1911 3606 2100 3649 curae
2145 3592 2399 3648 vestrae
2443 3603 2613 3646 com-

211 3686 559 3751 missarum
605 3685 970 3751 sollicitudo
1013 3686 1258 3751 addere
1282 3685 1491 3751 Vobis
1528 3686 1775 3751 animos
1820 3685 2079 3766 debent,
2128 3703 2255 3768 quo
2286 3680 2618 3771 propriam

209 3786 504 3853 Pastoris
544 3787 698 3853 boni
738 3788 1044 3852 virtutem
1087 3810 1205 3874 pro
1250 3786 1511 3852 illarum
1553 3786 1756 3851 salute
1799 3785 2186 3874 proferetis3
2237 3782 2355 3847 sed
2401 3791 2617 3846 tamen

209 3888 383 3954 illud
429 3888 620 3953 etiam
661 3886 914 3953 accedit
953 3888 1037 3952 ad
1068 3888 1210 3953 Vos
1251 3886 1751 3971 confirmandOS,
1800 3886 1976 3971 quod
2016 3884 2189 3951 initis
2228 3882 2399 3947 inter
2437 3904 2613 3947 sanc-

209 3998 342 4058 tam
387 3986 638 4055 Sedem
687 3998 752 4053 et
791 3988 1130 4076 Principes
1170 3987 1349 4077 ipsos
1394 3986 1925 4059 conventionibus
1974 4009 2197 4069 causa,
2263 4006 2458 4069 quam
2502 3982 2615 4048 de-

207 4088 478 4155 fenditis
522 4088 852 4172 innititur3
913 4088 1196 4176 obligata
1245 4088 1490 4177 quippe
1530 4088 1790 4176 publice
1832 4087 1965 4151 fide
2008 4084 2281 4175 polliciti
2328 4092 2492 4167 sunt,
2544 4106 2613 4149 se

205 4190 402 4279 plane
447 4186 722 4256 liberam
761 4190 832 4254 in
877 4190 1004 4254 suis
1051 4189 1428 4275 regionibus
1473 4186 1836 4254 Ecclesiam
1882 4186 2283 4254 Catholicam
2327 4194 2611 4276 praesta-

209 4301 431 4373 turos,
495 4300 667 4373 tum,
732 4288 906 4376 quod
964 4289 1251 4379 pertinet
1301 4289 1385 4354 ad
1427 4285 1754 4355 Fidelium
1796 4310 1941 4353 cum
1988 4311 2241 4355 summo
2283 4286 2613 4355 Ecclesiae

205 4391 416 4481 ipsius
463 4388 694 4479 Capite
745 4392 828 4457 de
874 4393 1154 4477 negotiis
1203 4390 1647 4456 ecclesiasticis
1694 4388 2182 4474 commercium,
2227 4398 2395 4475 tum,
2440 4389 2615 4476 quod

205 4492 290 4559 ad
326 4492 602 4583 plenum
643 4493 744 4559 ius
785 4493 1283 4583 Archiepiscopi
1329 4502 1394 4559 et
1436 4491 1913 4580 Episcoporum
1957 4490 2164 4557 omnis
2205 4490 2605 4583 Episcopalis
