2959 4984
505 321 648 373 VIII.
723 321 1272 374 CONCORDATUM
1317 319 1851 374 WORMATIENSE
1888 321 1951 372 A.
1993 319 2149 372 1122.
2458 317 2531 374 75

97 490 348 656 &quis
412 489 654 676 p3latio
695 490 974 578 publico.
1088 492 1258 558 Data
1317 499 1418 557 est
1456 492 1618 557 haec
1658 490 1875 556 charta
1918 489 2025 554 die
2068 487 2154 553 X.
2198 485 2533 554 Kalendas

169 591 387 679 prelis
422 592 461 630 *¹
497 641 512 654 .

323 803 520 868 VIH.
611 803 1236 869 Concordatum
1279 801 1905 867 VVormatiense
1950 827 2006 868 a.
2051 803 2215 870 1122
2241 805 2368 891 **).

701 1004 1126 1090 Privilegium
1171 1002 1410 1069 Calixti
1454 1025 1623 1092 pape
1666 1003 1952 1069 secundi.

293 1137 451 1222 Ego
507 1136 802 1204 Calixtus
862 1137 1202 1225 episcopus
1255 1158 1482 1202 servus
1529 1158 1865 1202 servorum
1905 1136 2073 1219 Dei,
2136 1137 2250 1203 tibi
2294 1136 2530 1205 dilecto

111 1242 258 1306 filio
305 1241 402 1306 H.
431 1239 566 1306 Dei
604 1238 812 1326 gratia
829 1238 1268 1304 Romanorum
1309 1237 1685 1328 imperatori
1725 1246 2022 1326 augustO,
2068 1239 2355 1304 concedo
2400 1240 2529 1305 ele—

112 1342 380 1406 ctiones
427 1341 882 1429 episcoporum
927 1346 992 1402 et
1033 1340 1334 1403 abbatum
1360 1337 1699 1404 Teutonici
1740 1338 1950 1425 regni,
1997 1339 2106 1423 qui
2135 1339 2217 1402 ad
2250 1361 2528 1426 regnum

103 1442 490 1532 pertinent,
575 1439 644 1503 in
706 1438 1032 1526 presentia
1087 1447 1196 1502 tua
1257 1438 1432 1521 fieri,
1496 1440 1739 1524 absque
1804 1438 2135 1525 symonia,
2210 1448 2275 1503 et
2316 1439 2529 1525 aliqua

107 1542 472 1622 violentia3
521 1549 595 1605 ut
635 1540 688 1604 si
740 1561 863 1624 qua
905 1539 1075 1603 inter
1120 1547 1334 1626 partes
1382 1538 1702 1604 discordia
1749 1540 2104 1622 emerserit,
2153 1539 2526 1627 metropoli-

107 1642 248 1705 tani
317 1650 386 1705 et
444 1639 1081 1728 comprovincialium
1127 1638 1395 1703 consilio
1440 1638 1548 1702 vel
1592 1638 1866 1722 iudicio,
1929 1639 2167 1704 saniori
2213 1640 2381 1728 parti
2430 1664 2526 1705 as-

108 1765 392 1807 sensum
439 1749 504 1805 et
545 1739 857 1805 auxilium
891 1740 1186 1828 prebeas,
1232 1738 1498 1804 Electus
1526 1748 1742 1804 autem
1774 1739 2041 1826 regalia,
2084 1742 2327 1825 absque
2358 1741 2530 1806 omni

111 1840 508 1923 exactione,
565 1863 686 1928 per
731 1850 1057 1928 sceptrum
1101 1864 1140 1904 a
1181 1848 1246 1905 te
1291 1839 1596 1928 recipiat,
1664 1850 1729 1904 et
1773 1863 1897 1926 que
1949 1862 2033 1904 ex
2080 1841 2180 1905 his
2222 1840 2363 1906 iure
2410 1841 2527 1907 tibi

112 1942 330 2006 debet
377 1941 586 2006 faciat.
676 1939 784 2006 Ex
840 1940 979 2006 aliis
1037 1962 1196 2004 vero
1258 1941 1547 2029 partibus
1590 1941 1847 2028 imperii
1894 1949 2319 2024 consecratus,
2363 1939 2531 2006 infra

115 2065 248 2108 sex
307 2063 604 2124 menses,
671 2041 923 2128 regalia
967 2043 1208 2126 absque
1256 2041 1428 2105 omni
1475 2031 1811 2106 exactione
1853 2062 1973 2130 per
2023 2051 2348 2130 sceptrum
2388 2067 2425 2106 a
2466 2051 2529 2106 te

109 2142 418 2230 recipiat,
461 2151 530 2205 et
569 2161 694 2226 que
743 2163 827 2206 ex
868 2141 968 2206 his
1012 2142 1156 2206 iure
1199 2140 1313 2206 tibi
1360 2140 1557 2206 debet
1600 2141 1807 2206 faciat.
1875 2140 2186 2231 Exceptis
2232 2142 2524 2208 omnibus

107 2265 245 2328 que
293 2242 379 2306 ad
422 2242 778 2308 Romanam
818 2241 1155 2306 ecclesiam
1197 2241 1528 2330 pertinere
1556 2251 1926 2307 noscuntur.
1972 2242 2077 2306 De
2107 2242 2337 2326 quibus
2366 2264 2523 2309 vero

107 2342 279 2407 mihi
328 2341 802 2428 querimoniam
844 2342 1113 2423 feceriS,
1183 2350 1246 2406 et
1291 2341 1604 2407 auxilium
1649 2342 2107 2431 postulaveriS,
2169 2342 2526 2407 secundum

107 2443 321 2508 officii
379 2443 510 2508 mei
570 2441 861 2506 debitum
907 2441 1220 2507 auxilium
1260 2441 1374 2507 tibi
1422 2444 1747 2530 prestabo.
1832 2441 1941 2507 Do
1989 2439 2107 2506 tibi
2150 2462 2371 2505 veram
2416 2465 2524 2528 pa-

111 2567 302 2627 cem,
369 2553 434 2608 et
491 2542 789 2607 omnibus
834 2543 943 2627 qui
985 2543 1056 2606 in
1098 2551 1282 2630 parte
1331 2550 1438 2606 tua
1484 2551 1669 2625 sunt,
1727 2540 1836 2606 vel
1877 2539 2171 2622 fuerunt,
2229 2550 2521 2629 tempore

109 2643 312 2708 huius
361 2641 745 2709 discordiae.
1318 2668 1322 2671 ·

618 2808 1010 2897 Preceptum
1051 2809 1344 2874 Heinrici
1385 2810 1595 2894 quarti
1634 2810 2059 2898 imperatoris.

281 2944 368 3008 In
391 2942 655 3008 nomine
694 2951 948 3008 sanctae
995 2953 1060 3008 et
1091 2943 1425 3008 individue
1449 2943 1798 3010 Trinitatis,
1845 2943 1992 3030 Ego
2023 2944 2368 3024 Heinricus
2390 2945 2514 3012 Ro-

113 3067 459 3110 manorum
495 3043 851 3132 imperator
879 3054 1211 3130 augustuS,
1255 3067 1373 3132 pro
1418 3066 1637 3109 amore
1664 3045 1812 3127 Dei,
1849 3054 1915 3109 et
1949 3053 2164 3112 sancte
2194 3045 2518 3112 Romanae

119 3144 476 3226 ecclesiae,
521 3153 588 3209 et
634 3143 854 3209 domni
895 3166 1062 3232 pape
1112 3142 1383 3226 Calixti,
1428 3153 1495 3208 et
1531 3167 1650 3233 pro
1691 3144 1983 3210 remedio
2029 3145 2276 3210 animae
2314 3167 2519 3230 meae,

117 3246 377 3311 dimitto
405 3244 580 3327 Deo,
625 3253 691 3309 et
738 3245 966 3309 sanctis
1011 3244 1143 3308 Dei
1186 3243 1495 3332 apostolis
1535 3244 1732 3310 Petro
1778 3254 1843 3308 et
1868 3244 2091 3326 Paulo,
2140 3254 2521 3331 sanctaeque

127 3346 485 3411 catholicae
531 3344 872 3427 ecclesiae,
932 3366 1191 3409 omnem
1232 3344 1675 3409 investituram
1718 3366 1839 3431 per
1880 3346 2175 3427 anulum,
2223 3354 2287 3410 et
2329 3348 2519 3412 bacu-

121 3447 279 3528 lum,
325 3455 395 3509 et
435 3444 745 3528 concedo,
788 3445 857 3509 in
901 3444 1198 3511 omnibus
1243 3444 1533 3510 ecclesiis
1578 3467 1703 3530 que
1742 3447 1811 3510 in
1852 3468 2060 3532 regno
2102 3447 2211 3510 vel
2247 3447 2522 3535 imperio

117 3569 262 3612 meo
306 3555 479 3628 sunt,
521 3546 889 3612 canonicam
928 3546 1071 3610 fieri
1106 3545 1511 3628 electionem,
1556 3555 1621 3610 et
1650 3546 1922 3612 liberam
1954 3548 2518 3613 consecrationem.

117 3647 646 3731 PossessioneS„
688 3655 755 3711 et
813 3645 1062 3732 regalia
1105 3646 1276 3711 beati
1319 3646 1497 3711 Petri
1550 3667 1675 3731 que
1716 3671 1753 3711 a
1802 3647 2119 3736 principio
2162 3651 2352 3714 huius
2395 3647 2523 3712 dis-

336 3891 392 3960 *)
452 3893 517 3945 In
564 3911 668 3944 uno
724 3891 904 3944 codice
959 3893 1090 3943 haec
1151 3894 1532 3960 antiquissima
1596 3893 1853 3962 precandi
1904 3895 2144 3961 formula
2200 3894 2514 3947 subiicitur.-

129 3979 370 4034 Truhtin
408 3974 525 4049 god
562 3978 664 4032 thu
699 3977 806 4030 mir
840 3975 976 4046 hilp.
1013 3975 1134 4030 indi
1167 3976 1353 4048 forgip
1401 3979 1512 4032 mir
1546 3979 1809 4048 gauuitzi.
1855 3979 1975 4034 indi
2008 3977 2196 4050 g5dan
2232 3979 2528 4050 galaupun.

129 4069 284 4122 thina
341 4067 534 4121 minna
579 4051 700 4120 in‘di
735 4060 936 4118 rehtan
984 4064 1233 4118 uuilleon
1282 4064 1414 4118 heili
1465 4065 1587 4120 indi
1636 4067 1876 4136 gasunti.
1930 4066 2049 4120 indi
2085 4067 2240 4120 thina
2278 4067 2527 4137 guodun-

133 4155 303 4210 huldi.
344 4155 404 4208 id
439 4157 554 4208 est:
599 4152 874 4207 Dominus
915 4153 1065 4205 Deus
1102 4155 1165 4204 tu
1203 4151 1340 4204 mihi
1376 4151 1589 4207 adiuva.
1630 4157 1688 4208 et
1730 4155 1980 4223 perdona
2014 4154 2149 4207 mihi
2184 4154 2523 4222 sapientiam.

123 4247 176 4296 et
204 4244 413 4298 bonam
446 4240 840 4297 credulitatem
873 4244 1042 4293 tuam.
1097 4240 1451 4294 dilectionem
1491 4245 1550 4295 et
1584 4241 1790 4296 bonam
1823 4243 2185 4297 voluntatem.
2226 4242 2521 4297 sanitatem

127 4335 180 4384 et
215 4329 670 4399 prosperitatem.
706 4331 767 4381 et
801 4328 1006 4382 bonam
1043 4328 1280 4396 gratiam
1317 4331 1491 4381 tuam.

293 4417 378 4486 **)
415 4416 562 4472 Dedi
612 4432 685 4469 ex
723 4415 935 4485 optima
980 4415 1304 4470 recensione
1351 4414 1501 4485 apud
1534 4415 1699 4470 Pertz
1736 4413 1870 4486 Leg.
1910 4415 2063 4470 Tom.
2100 4416 2170 4470 H.
2216 4435 2269 4488 p.
2311 4419 2397 4475 75.
2435 4421 2522 4476 76.

125 4505 415 4560 Caeterum
450 4503 580 4560 vide
617 4501 912 4558 Lehrbuch
953 4500 1050 4557 des
1086 4501 1519 4558 Kirchenrechts
1556 4507 1605 4568 §-
1644 4503 1765 4559 108.
