2959 4984
423 290 529 345 204
867 289 1114 340 xxxm.
1187 289 1673 342 CONCORDATA
1711 288 2078 343 'BAVARIOA
2120 293 2179 343 A.
2224 290 2380 346 1817.

435 456 676 544 eglises
724 455 806 522 de
851 455 915 520 la
975 455 1342 521 confession
1387 454 1863 542 d’Augsbourg
1885 505 1905 539 ,
1976 456 2136 522 dans
2194 466 2409 524 tontes
2465 459 2562 524 les
2608 461 2841 528 choses

425 556 811 642 auxquelles
856 555 906 619 il
947 556 1050 621 n’a
1089 555 1273 643 point
1318 558 1421 623 ete
1464 555 1949 622 formellement
1990 557 2241 646 deroge
2282 582 2403 646 par
2449 561 2551 626 les
2592 561 2717 626 lois
2756 561 2841 627 de

431 658 496 723 la
535 656 924 745 republique
975 664 1039 720 et
1077 678 1196 744 par
1237 656 1336 721 les
1377 659 1677 744 presents
1719 656 1997 722 articles.

425 805 752 874 XXXIII.
842 805 1328 872 Conventio
1393 805 1628 870 inter
1682 805 2319 874 Sanctissimum
2376 810 2843 880 Dominum

424 905 844 973 PiumVII.
890 904 1309 972 Summum
1359 903 1865 978 Pontificem
1911 915 1990 972 et
2032 906 2571 975 Maiestatem
2616 936 2841 978 suam

603 1006 1286 1072 Maximilianum
1337 1005 1799 1093 Iosephum
1838 1007 2272 1072 Bavariae
2316 1009 2633 1096 Regem

1337 1105 1400 1171 d.
1441 1105 1503 1171 5.
1546 1106 1721 1171 Iun.
1768 1106 1948 1172 1817.

979 1243 1058 1309 In
1101 1248 1359 1310 ‘nomine
1402 1243 1870 1312 Sanctissimae
1919 1246 2282 1313 Trinitatis,

606 1363 927 1432 Sanctitas
972 1361 1109 1429 Sua
1151 1360 1460 1428 Summus
1492 1361 1801 1429 Pontifex
1840 1363 1997 1429 Pius
2041 1365 2197 1431 VH.
2246 1373 2311 1430 et
2350 1363 2657 1429 Maiestas
2698 1361 2841 1430 Sua

427 1465 907 1530 Maximilianus
933 1462 1255 1552 Iosephus
1283 1463 1600 1528 Bavariae
1640 1464 1786 1530 Rex
1830 1463 2047 1538 debita
2088 1465 2527 1530 sollicitudine
2571 1463 2839 1552 cupien-

427 1576 546 1650 teS,
589 1574 663 1630 ut
708 1566 777 1630 in
818 1565 916 1648 iis,
966 1585 1131 1650 quae
1175 1562 1258 1628 ad
1299 1585 1409 1630 res
1448 1563 1937 1630 Ecclesiasticas
1978 1566 2343 1653 pertinent,
2390 1574 2602 1630 certus
2642 1565 2837 1629 stabi-

424 1669 634 1752 lisque
682 1667 751 1733 in
765 1667 1080 1732 Bavariae
1119 1665 1354 1752 Regno
1396 1666 1719 1750 terrisque
1768 1667 1829 1731 ei
1858 1667 2157 1733 subiectis
2190 1666 2616 1732 constituatur
2652 1665 2839 1748 ordo,

427 1771 782 1836 solemnem
839 1776 1188 1856 propterea
1251 1765 1746 1830 conventionem
1815 1766 1983 1832 inire
2025 1766 2476 1831 decreverunt.
2534 1777 2625 1814 -ss-
2665 1764 2841 1829 Hinc

432 1867 756 1936 Sanctitas
812 1865 951 1933 Sua
1012 1864 1320 1932 Summus
1375 1865 1688 1932 Pontifex
1729 1866 1887 1932 Pius
1929 1866 2083 1932 VII.
2143 1865 2213 1932 in
2270 1864 2480 1932 Suum
2524 1864 2839 1953 Plenipo-

424 1967 797 2033 tentiarium
841 1966 1196 2031 nominavit
1243 1965 1848 2031 Eminentissimum
1877 1966 2235 2032 Dominum
2274 1965 2631 2031 Herculem
2664 1963 2840 2031 Gon·

429 2067 590 2134 salvi
636 2076 891 2131 sanctae
938 2065 1267 2131 Romanae
1307 2066 1644 2133 Ecclesiae
1692 2066 2111 2132 Cardinalem
2170 2066 2513 2131 diaconum
2555 2062 2841 2131 Sanctae

423 2166 732 2254 Agathae
777 2166 860 2230 ad
905 2163 1268 2232 Suburram
1312 2165 1522 2232 Suum
1566 2189 1604 2232 a
1648 2165 1937 2233 Secretis
1984 2165 2239 2250 Status3
2282 2174 2351 2230 et
2373 2163 2675 2230 Maiestas
2698 2162 2843 2231 Sua
2957 2209 2958 2212 κ

427 2267 912 2335 Maximilianus
963 2266 1283 2355 Iosephus
1348 2267 1663 2332 Bavariae
1726 2267 1875 2333 Rex
1923 2265 2563 2332 Excellentissimum
2605 2265 2839 2330 Domi·

430 2393 588 2436 num
629 2368 952 2434 Baronem
1005 2365 1392 2433 Casimirum
1438 2367 1522 2432 de
1565 2367 1926 2450 Haeffelin,
1971 2367 2372 2455 Episcopum
2417 2365 2839 2448 Chersonesi,

431 2467 640 2537 Suum
683 2469 1054 2535 Ministrum
1091 2466 1739 2556 Plenipotentiarium
1784 2467 1959 2555 apud
2006 2465 2313 2534 Sanctam
2352 2464 2619 2532 Sedem.
2702 2467 2838 2550 Qui

425 2579 576 2659 post
618 2570 739 2635 sibi
796 2578 1018 2634 mutuo
1084 2568 1318 2633 tradita
1377 2568 1783 2656 respectivae
1824 2566 2343 2657 Plenipotentiae
2396 2566 2841 2634 Instrumenta

426 2671 495 2736 in
532 2677 878 2754 sequentes
918 2667 1223 2732 articulos
1266 2675 1726 2731 convenerunt.

592 2771 737 2834 Art.
779 2769 834 2834 I.
933 2768 1194 2855 Religio
1245 2767 1582 2833 Catholiea
1628 2767 2011 2857 Apostolica
2049 2767 2342 2833 Romana
2399 2765 2468 2830 in
2520 2775 2657 2831 toto
2702 2767 2835 2833 Ba·

421 2869 640 2934 variae
683 2890 892 2954 regno
938 2868 1260 2954 terrisque
1305 2867 1366 2933 ei
1395 2867 1699 2934 subiectis
1745 2877 1915 2932 sarta
1956 2875 2127 2932 tecta
2160 2868 2649 2934 conservabitur
2682 2891 2836 2932 cum

2956 2285 2958 2350 ἰ

427 2967 506 3032 iis
551 2967 796 3034 iuribus
843 2977 910 3032 et
957 2969 1427 3056 praerogativis
1453 3018 1474 3051 ‚
1545 2969 1778 3054 quibus
1834 2968 1963 3032 frui
2027 2968 2225 3034 debet
2266 2990 2353 3033 ex
2393 2968 2524 3032 Dei
2570 2967 2833 3033 ordina·
2954 2993 2956 3032 ς

434 3069 609 3134 tione
660 3078 726 3133 et
773 3070 1092 3136 canonicis
1140 3069 1595 3135 sanctionibus

596 3170 741 3236 Art.
789 3171 877 3236 H.
965 3169 1284 3238 Sanctitas
1335 3169 1491 3254 Sua,
1537 3173 1807 3238 servatis
1852 3171 2206 3253 servandiS,
2261 3169 2577 3234 Bavariae
2614 3170 2837 3257 Regni

429 3271 786 3338 Dioeceses
834 3273 1127 3357 sequenti
1185 3272 1434 3336 ratione
1477 3272 1857 3340 constituet:
1936 3270 2184 3338 Sedem
2223 3269 2566 3356 Frisingae
2606 3270 2838 3336 Mona-

427 3372 644 3436 chium
691 3374 1062 3455 transferet,
1132 3393 1404 3458 eamque
1465 3373 1677 3458 eriget
1711 3373 1781 3438 in
1821 3371 2389 3460 Metropolitanam
2406 3419 2425 3453 ,
2511 3393 2677 3455 quae
2712 3395 2837 3460 pro

433 3473 741 3539 Dioecesi
797 3497 912 3538 sua
954 3473 1219 3538 habebit
1260 3473 1659 3537 territorium
1698 3473 1949 3538 actuale
1992 3471 2429 3558 Frisingensis
2474 3471 2837 3552 Dioccesis‚

433 3573 572 3638 eius
617 3582 833 3638 tamen
878 3573 1190 3641 ecclesiae
1235 3573 1522 3656 antisteS,
1571 3573 1839 3659 eiusque
1878 3572 2309 3640 Successores
2337 3571 2837 3659 Archiepiscopi

431 3671 760 3739 Monachii
815 3681 882 3736 et
915 3670 1258 3758 Frisingae
1321 3673 1740 3760 nuncupandi
1787 3681 1993 3738 erunt.
2068 3671 2301 3736 Eidem
2347 3671 2643 3736 Antistiti
2682 3671 2836 3760 Epi-

431 3774 725 3862 scopales
769 3771 1094 3838 Ecclesias
1141 3772 1617 3858 Augustanam,
1662 3773 2152 3837 Passaviensem
2200 3781 2265 3836 et
2297 3771 2835 3838 Ratisbonensem
2953 3797 2954 3866 ᾗ

428 3873 691 3962 praevia
747 3872 1266 3961 Metropoliticae
1325 3872 1643 3956 qualitatis
1694 3872 2198 3961 suppressione,
2260 3872 2330 3936 in
2370 3868 2835 3956 Suffraganeas
2953 3871 2954 3894 ¹

429 3973 799 4059 assignabit.
886 3971 1182 4036 Antistes
1241 3979 1460 4036 tamen
1518 3971 1961 4038 Passaviensis
2005 3971 2337 4038 Ecclesiae
2398 3979 2547 4035 actu
2608 3969 2835 4036 vivens

425 4071 810 4141 exemtionis
854 4071 1221 4159 privilegio,
1266 4093 1394 4157 quo
1438 4071 1521 4135 ad
1567 4071 1825 4154 vixerit,
1868 4069 2203 4157 gaudebit.
2244 4107 2331 4118 --
2378 4070 2827 4156 Bambergen-

433 4195 573 4239 sem
619 4171 1075 4239 Cathedralem
1133 4171 1494 4236 Ecclesiam
1552 4171 1623 4236 in
1663 4171 2235 4261 Metropolitanam
2280 4171 2537 4257 eriget,
2606 4169 2835 4256 illique

432 4275 499 4338 in
542 4272 1008 4357 Suffraganeas
1052 4271 1406 4358 assignabit
1449 4271 1776 4337 Ecclesias
1820 4271 2243 4360 Episcopales
2264 4270 2832 4359 Herbipolensem,

433 4371 976 4434 Eichstettensem
1019 4379 1085 4435 et
1113 4369 1514 4458 Spirensem.
1566 4407 1641 4420 -·-
1685 4371 2113 4438 Territorium
2149 4371 2834 4458 Aschaffenburgense

441 4467 595 4531 olim
635 4467 720 4530 ad
762 4467 1218 4552 Moguntinam
1235 4519 1254 4553 ,
1294 4493 1469 4536 nunc
1513 4471 1597 4536 ad
1638 4472 2177 4538 Ratisbonensem
2218 4471 2595 4554 Dioecesim
2638 4471 2835 4559 perti-
