2959 4984
502 272 805 325 xxxvm.
880 270 1127 323 BULLA
1159 270 1301 322 PRO
1340 270 1592 324 REGNO
1629 270 2038 326 BORUSSIGO
2077 276 2145 326 A,
2185 272 2344 327 1821.
2501 276 2608 331 24⁷

176 440 489 503 effectum
531 435 647 501 illa
666 485 686 517 ‚
746 443 815 500 et
864 434 1011 498 illas
1069 432 1500 500 Dioecesibus
1555 432 1981 522 infrascriptis
2044 436 2302 502 noviter
2366 460 2604 527 aggre-

176 538 407 625 gandi,
452 546 651 621 atque
689 533 1179 622 incorporandi,
1220 542 1415 621 prout
1455 533 1663 619 magis
1707 534 1779 599 in
1815 534 2102 601 Domino
2156 548 2605 625 opportunum

177 639 399 702 visum
454 636 695 719 fuerit,
761 643 827 699 et
862 632 1097 701 auditis
1164 632 1351 697 etiam
1400 632 1902 699 Venerabilibus
1945 633 2284 701 Fratribus
2341 638 2602 707 Nostris

176 736 255 805 S.
298 738 381 804 R.
430 738 507 803 E.
552 734 1003 802 Cardinalibus
1053 732 1564 819 Congregationi
1611 733 1694 798 de
1722 734 2156 821 propaganda
2184 734 2348 801 Fide
2403 738 2599 805 Prae·

180 838 418 927 positis
461 836 545 901 ad
589 857 821 900 novam
862 832 1284 898 Dioecesium
1348 833 2010 922 circumscriptionem
2054 836 2416 921 procedere
2441 888 2462 922 ,
2525 848 2600 905 ut

180 938 596 1025 singularum
644 934 957 999 distinctis
998 932 1233 997 finibus
1277 932 1688 1017 quaestiones
1733 956 1956 998 omnes
2010 934 2384 1001 auferantur
2433 940 2600 1005 circa

172 1036 223 1105 S
228 1037 555 1125 piritualis
580 1033 1041 1101 iurisdictionis
1057 1032 1457 1115 exercitium,
1479 1054 1700 1097 earum
1717 1033 2282 1119 Distributionem,
2311 1060 2385 1101 ac
2411 1038 2596 1105 Divi-

178 1139 439 1203 sionem
480 1138 563 1229 de
584 1134 1005 1225 Apostolicae
1028 1132 1363 1220 potestatis
1386 1132 1789 1221 plenitudine
1827 1134 2260 1217 decernimus,
2285 1139 2598 1225 praescri—

171 1238 413 1321 bimus,
460 1246 527 1301 et
568 1234 1011 1314 constituimus
1039 1233 1221 1297 iuxta
1248 1254 1417 1314 eum,
1458 1232 1566 1317 qui
1593 1233 1902 1317 sequitur,
1937 1234 2230 1317 modum,
2256 1235 2595 1305 videlicet:

353 1336 699 1422 (XXVH.)
769 1332 1310 1420 Metropolitanae
1372 1331 1705 1397 Ecclesiae
1775 1332 2182 1399 Coloniensis
2256 1336 2595 1403 Dioecesis

174 1437 631 1505 efformabitur
694 1456 779 1499 ex
822 1432 1153 1498 Paroeciis
1209 1441 1592 1497 sexcentum
1650 1432 1980 1519 octoginta
2036 1456 2155 1499 sex
2217 1437 2452 1524 partim
2519 1438 2589 1503 in

178 1540 465 1621 sinistra,
508 1536 741 1625 partim
783 1533 851 1599 in
894 1533 1167 1598 dextera
1205 1532 1417 1599 Rheni
1459 1532 1602 1619 ripa
1641 1532 1892 1619 positiS.
1935 1533 2022 1599 Et
2058 1536 2126 1599 in
2163 1536 2418 1603 sinistra
2452 1540 2589 1623 qui-

170 1640 331 1705 dem
368 1637 835 1724 complectetur
860 1633 1188 1722 paroecias
1236 1654 1463 1700 omnes
1503 1632 1763 1720 pridem
1794 1633 1864 1698 in
1891 1657 2240 1723 suppressa
2275 1638 2358 1702 ad
2400 1661 2585 1727 prae-

172 1761 329 1808 sens
376 1734 897 1822 Aquisgranensi
942 1732 1249 1799 Dioecesi
1297 1740 1648 1812 contentas,
1695 1754 1859 1818 quae
1899 1734 1982 1799 ad
2019 1735 2392 1800 Provincias
2437 1758 2586 1825 per-

166 1840 383 1905 tinens
404 1835 883 1916 Coloniensem,
909 1832 1564 1921 Dusseldorphinam,
1591 1842 1654 1897 et
1679 1834 2304 1921 Aquisgranensem‚
2337 1858 2575 1926 nempe

166 1940 349 2004 ultra
420 1936 763 2002 Paroecias
826 1933 1151 1997 civitatum
1197 1930 1510 1997 Coloniae
1582 1942 1647 1997 et
1709 1934 2111 2021 Aquisgrani
2132 1986 2152 2019 ‚
2245 1935 2571 2002 Ecclesias

176 2038 573 2107 Cantonales
636 2042 1033 2121 nuncupatas
1094 2068 1181 2081 —-·
1237 2032 1855 2133 Bergheimerdorff
1903 2070 1991 2085 -—-
2035 2036 2316 2119 Bonna,
2379 2038 2582 2124 vulgo

164 2140 367 2206 Bonn
405 2174 492 2185 --
528 2136 737 2201 Bruhl
777 2170 865 2182 -
906 2132 1181 2220 Kerpen
1224 2170 1305 2179 ——
1346 2132 1719 2197 Lechenich
1773 2172 1828 2181 -
1889 2134 2247 2201 Lessenich
2291 2174 2378 2186 —-
2412 2137 2581 2203 Loe-

167 2238 410 2303 venich
453 2272 540 2284 --
573 2233 1030 2300 Meckenheim
1089 2268 1176 2282 ·--
1216 2230 1698 2297 Miinstereiffel
1758 2270 1846 2281 -—
1901 2235 2323 2320 Zolbiacum,
2377 2237 2579 2323 vulgo

166 2337 452 2425 Ziilpich
492 2370 579 2384 --·
626 2332 895 2400 Orefeld
936 2368 1025 2381 —-·
1070 2315 1334 2397 Dablen
1379 2368 1459 2381 --
1507 2331 1996 2418 Dormagenm
2036 2334 2346 2400 Elsen—
2379 2335 2581 2403 Glad-

165 2438 336 2506 bach
378 2474 457 2483 --
503 2435 719 2502 Neuss
761 2470 849 2482 -·-
888 2432 1241 2519 Urdingen
1277 2470 1361 2481 ——
1399 2432 1686 2498 Viersen
1729 2468 1807 2479 ——-
1849 2434 2244 2499 Burtscheid
2288 2473 2363 2483 -—
2407 2436 2580 2503 Mar—

170 2538 527 2619 codunnn,
580 2534 783 2619 vulgo
840 2533 1071 2597 Duren
1134 2568 1213 2578 —-—
1252 2510 1582 2597 Erkelenz
1621 2570 1708 2579 --
1743 2531 2144 2599 Eschweiler
2183 2570 2270 2583 --
2314 2536 2581 2602 Geilen-

168 2638 451 2705 kirchen
490 2670 579 2683 —--
620 2633 930 2701 Gemund
982 2670 1071 2683 -—·
1130 2632 1506 2717 Heinsberg
1555 2671 1612 2679 -
1671 2633 1718 2701 J
1721 2632 2000 2698 uhacum
2020 2682 2041 2717 ‚
2107 2634 2312 2719 vulgo
2352 2635 2399 2703 J
2403 2634 2578 2700 uhch

166 2774 257 2786 -—-
294 2735 577 2802 Linnich
616 2768 703 2783 ——-
742 2732 1057 2817 Montjoie
1116 2768 1207 2784 --
1262 2741 1329 2797 et
1370 2732 1776 2820 Niddeggen
1829 2770 1918 2782 ·--
1975 2757 2103 2799 una
2163 2757 2308 2800 cum
2354 2756 2575 2800 earum

164 2836 483 2903 Ecclesiis
527 2832 1017 2915 succursalibus,
1059 2840 1124 2895 et
1164 2832 1437 2896 adnexis
1460 2880 1479 2914 ,
1527 2854 1692 2917 quae
1730 2832 1799 2897 in
1845 2833 2027 2899 dictis
2072 2834 2431 2899 Provinciis
2473 2835 2568 2899 in-

166 2948 269 3003 tra
310 2934 642 3001 Borussici
686 2932 899 3019 Regni
943 2932 1109 2997 fines
1152 2932 1345 2996 modo
1388 2932 1824 3016 inveniuntur,
1863 2958 1900 2998 a
1939 2932 2396 3001 Cantonalibus
2443 2935 2572 3001 dis-

168 3036 509 3123 iungendo
551 3032 893 3099 Paroecias
938 3031 1333 3097 succursales
1348 3080 1369 3115 ‚
1436 3041 1503 3095 et
1554 3033 1838 3097 adnexas
1886 3043 2072 3100 extra
2114 3036 2418 3121 Regnum
2458 3059 2576 3124 po-

164 3138 355 3220 sitas,
422 3143 490 3201 et
529 3134 861 3199 viceversa
899 3133 1295 3200 succursales
1316 3182 1336 3215 ‚
1400 3142 1465 3197 et
1507 3132 1796 3198 adnexas
1837 3135 2091 3222 pridem
2134 3136 2496 3223 pendentes
2540 3160 2580 3201 a

168 3235 634 3305 Cantonalibus
676 3232 901 3321 positis
948 3242 1131 3296 extra
1170 3233 1477 3319 Regnum
1536 3234 1964 3320 aggreganda
2006 3232 2466 3302 Cantonalibus
2507 3237 2576 3300 in

163 3338 403 3424 Regno
452 3333 898 3399 existentibus.
940 3331 1425 3419 Complectetur
1466 3344 1808 3421 praeterea
1835 3333 2228 3401 Cantonales
2246 3335 2574 3401 Ecclesias

174 3438 257 3503 ad
298 3436 785 3503 Leodinensem
830 3432 1206 3498 Dioecesim
1246 3434 1671 3521 pertinentes,
1723 3458 1798 3499 ac
1831 3436 2260 3523 temporariae
2305 3436 2573 3501 admini-

170 3536 467 3603 strationi
506 3534 807 3601 moderni
846 3532 1091 3598 Vicarii
1138 3532 1532 3621 Capitularis
1573 3534 2128 3621 Aquisgranensis
2169 3538 2250 3601 ab
2289 3537 2574 3624 Aposto-

170 3640 295 3705 lica
336 3636 519 3704 Sede
580 3633 955 3701 commissas
1011 3634 1319 3699 videlicet
1359 3634 1689 3701 Ecclesias
1735 3634 2122 3701 Cantonales
2178 3645 2572 3724 nuncupatas

169 3776 253 3787 —-
308 3736 771 3821 Cronemburg
833 3771 918 3783 -
962 3734 1199 3821 Eupen
1238 3770 1325 3785 ·-—·
1370 3735 1710 3822 Malmedy
1749 3771 1838 3784 —-—
1878 3735 2454 3801 Niederkriichten
2491 3770 2578 3785 ---

166 3836 531 3906 Schleiden
572 3872 652 3883 --
698 3844 765 3898 et
802 3832 905 3900 St.
947 3834 1109 3899 Vith
1155 3870 1231 3881 —·-
1300 3857 1431 3899 una
1480 3858 1627 3901 cum
1673 3857 1894 3901 earum
1941 3834 2443 3917 succursalibuS,
2509 3844 2576 3901 et

160 3936 442 4003 adnexis
481 3936 552 3999 in
594 3935 942 4000 Borussica
986 3934 1229 3999 ditione
1272 3934 1443 4019 sitis,
1507 3960 1582 4000 ac
1641 3958 1762 4001 sex
1803 3936 2128 4001 Paroeciis
2191 3935 2567 3999 succursali-

168 4042 311 4123 bus,
356 4036 741 4124 nuncupatis
782 4070 869 4085 -—
911 4035 1139 4100 Afden
1180 4070 1268 4083 --
1312 4034 1621 4101 Alsdorff
1658 4072 1745 4086 --·
1786 4036 2148 4103 Merkstein
2187 4068 2274 4084 ·—-
2313 4034 2570 4101 Rolduc

164 4175 253 4187 --
295 4136 533 4205 Ubach
552 4185 573 4218 ,
631 4174 717 4183 —-
761 4145 828 4201 et
866 4135 1065 4199 Welz
1112 4169 1201 4185 ·-
1240 4135 1437 4200 modo
1500 4136 1946 4225 dependentes
2010 4160 2050 4201 a
2093 4134 2431 4201 Cantonali
2491 4170 2561 4182 -

162 4236 600 4305 Herckraede
636 4272 720 4283 -
764 4236 975 4325 posita
1019 4243 1205 4299 extra
1240 4235 1544 4321 Regnum
1589 4235 2022 4301 Borussicum.
2081 4236 2362 4323 Insuper
2401 4256 2569 4299 com-

154 4342 489 4428 plectetur
548 4336 1000 4402 novemdecim
1043 4335 1427 4401 Provinciae
1485 4335 2036 4421 Aquisgranensis
2097 4335 2182 4401 ad
2225 4336 2568 4401 Treviren-

156 4463 301 4508 sem
343 4438 727 4507 Dioecesim
767 4458 975 4521 usque
1016 4459 1189 4501 nunc
1230 4436 1631 4525 pertinentes
1669 4435 2010 4500 Paroecias
2057 4444 2452 4524 nuncupatas
2479 4473 2567 4487 —-
