2959 4984
427 240 575 291 Lm.
653 238 998 293 OESTERR.
1037 234 1324 289 PATENT
1369 236 1526 288 VOM
1565 232 1614 286 1
1656 234 2085 287 SEPTEMBER
2123 232 2281 287 1859.
2458 230 2565 285 303

331 400 578 465 Totum
619 406 1052 483 testatumque
1109 398 1406 464 omnibus
1463 406 1531 461 et
1578 396 1851 485 singulis
1869 449 1889 483 ,
1960 420 2239 541 quorum
2280 400 2570 481 interest,

149 512 390 567 tenore
436 500 877 587 praesentium
920 498 1222 563 facimus:

323 602 682 685 Postquam
723 599 894 664 inter
938 598 1112 665 Suae
1158 596 1527 663 Sanctitatis
1568 598 2011 682 Nostrumque
2068 597 2564 686 plenipotentia-

153 702 327 766 rium
375 700 458 765 ad
511 709 757 764 certum
805 699 1229 782 stabilemque
1273 697 1571 762 ordinem
1612 718 1833 763 rerum
1868 698 2321 784 rationumque
2344 698 2569 764 Eccle-

157 803 293 867 siae
346 799 724 865 Catholicae
769 798 839 864 in
881 798 1166 886 Imperio
1214 796 1458 863 Nostro
1520 798 2040 863 constituendum
2086 799 2425 864 conventio
2466 820 2567 863 so-

165 902 410 967 lemnis
456 902 562 965 die
606 899 856 965 decima
902 908 1124 963 octava
1158 897 1445 984 Augusti
1506 898 1655 963 anni
1701 898 1975 965 labentis
2019 899 2177 963 inita
2216 908 2282 964 et
2320 899 2570 983 signata

160 1011 262 1066 est
307 1001 564 1067 tenoris
605 991 934 1085 sequentis
969 1022 982 1063 :

1085 1146 1665 1214 Conventio

1014 1248 1112 1335 (ut
1155 1272 1348 1337 supra
1393 1272 1543 1337 pag.
1586 1248 1758 1335 280.)

357 1385 502 1451 Nos
565 1384 720 1449 visis
793 1392 858 1447 et
910 1383 1254 1472 perpensis
1319 1382 1781 1448 Conventionis
1839 1384 2031 1470 hujus
2082 1384 2367 1450 articulis
2426 1386 2575 1450 illos

161 1508 396 1553 omnes
450 1494 514 1549 et
556 1484 847 1570 singulos
896 1492 1068 1548 ratos
1113 1484 1292 1547 hisce
1335 1484 1877 1569 confirmatosque
1914 1486 2154 1551 habere
2194 1487 2577 1574 profitemur

159 1612 238 1653 ac
289 1585 714 1668 declaramus,
757 1586 960 1649 verbo
1011 1583 1604 1671 Caesareo-Regio
1640 1607 1759 1671 pro
1803 1584 2010 1651 Nobis
2056 1596 2247 1672 atque
2293 1585 2567 1654 Succes-

161 1688 426 1755 soribus
467 1685 724 1751 Nostris
768 1683 1338 1773 adpromittentes‚
1379 1683 1523 1749 Nos
1568 1684 1813 1769 omnia,
1875 1708 2039 1773 quae
2082 1687 2152 1753 in
2190 1687 2321 1752 illis
2370 1688 2571 1753 conti-

168 1798 450 1870 nentur,
515 1786 800 1851 fideliter
844 1784 1209 1849 executioni
1251 1784 1665 1849 mandaturos
1706 1806 1921 1870 neque
1962 1786 2100 1851 ulla
2143 1787 2389 1853 ratione
2428 1810 2574 1875 per-

163 1890 486 1955 missuros
531 1908 700 1969 esse,
737 1894 812 1950 ut
849 1885 979 1949 illis
1023 1885 1560 1949 contraveniatur.
1657 1886 1739 1951 In
1782 1909 2057 1972 quorum
2100 1886 2299 1951 fidem
2342 1890 2574 1973 majus-

162 2010 297 2074 que
336 1989 542 2052 robur
583 1992 960 2073 praesentes
1003 1984 1468 2049 ratihabitionis
1514 1984 1794 2051 Nostrae
1838 1986 2083 2070 tabulas
2124 2010 2317 2053 manu
2338 1988 2579 2053 Nostra

161 2088 574 2175 signavimus
605 2085 954 2172 sigilloque
983 2083 1226 2150 Nostro
1255 2082 1817 2173 Caesareo-Regio
1852 2109 2137 2176 appenso
2176 2087 2419 2152 firmari
2442 2089 2577 2173 jus-

161 2191 396 2255 simus.
443 2187 782 2253 Dabantur
828 2186 896 2249 in
934 2185 1111 2251 Ischl
1154 2186 1260 2251 die
1300 2186 1619 2272 vigesima
1660 2188 1850 2252 tertia
1895 2188 2133 2253 mensis
2174 2186 2581 2277 Septembris

165 2311 344 2354 anno
402 2286 674 2351 Domini
744 2286 1089 2351 millesimo
1147 2286 1684 2373 octingentesimo
1750 2288 2287 2373 quinquagesimo
2356 2287 2578 2371 quinto

165 2391 560 2475 Regnorum
601 2385 992 2451 Nostrorum
1036 2386 1332 2474 septimo·

685 2519 1208 2585 Franciscus
1257 2520 1722 2609 Josephus.
1893 2522 2028 2595 s(L.
2074 2520 2174 2604 S.)

1117 2619 1352 2686 Comes
1399 2646 1436 2685 a
1477 2622 1651 2686 Buol
1677 2659 1702 2669 -
1732 2618 2223 2687 Schauenstein.

807 2720 919 2792 Ad
963 2720 1334 2785 mandatum
1373 2718 1559 2786 Sacr.
1605 2720 1790 2787 Caes,
1836 2744 1910 2785 ac
1948 2722 2117 2808 Reg.
2164 2719 2581 2809 Apostolicae

1271 2820 1626 2905 Majestatis
1667 2821 2045 2910 proprium:

941 2918 1100 2987 Otto
1151 2921 1348 2986 Liber
1388 2921 1561 2986 Baro
1610 2946 1647 2985 a
1688 2920 2140 3007 Meysenburg
2180 2942 2266 2985 m.
2309 2945 2375 3010 p.

174 3137 366 3204 LHI.
452 3136 1063 3201 Kaiserliches
1123 3136 1432 3201 Patent
1496 3160 1675 3202 vom
1738 3138 1792 3201 1.
1855 3136 2357 3227 September
2428 3137 2588 3203 1859

177 3242 396 3304 iiber
457 3236 594 3301 die
652 3236 1250 3302 Verbaltnisse
1321 3237 1468 3302 der
1534 3238 2208 3325 evangelischen
2263 3237 2585 3303 Kirche

177 3341 272 3403 in
337 3337 726 3423 Ungarn,
799 3336 1202 3407 Oroatien
1257 3338 1424 3401 und
1495 3335 1991 3421 Slavonien,
2062 3339 2147 3403 in
2200 3339 2349 3404 der
2388 3338 2587 3404 Woi-

181 3437 694 3506 wodschaft
751 3436 1120 3503 Serbien
1182 3437 1328 3501 mit
1393 3438 1569 3503 dem
1633 3439 2045 3505 Temeser
2096 3441 2365 3505 Banat
2426 3440 2588 3505 und

873 3538 957 3601 in
1007 3536 1155 3620 deJr
1204 3538 1897 3625 Militargriinze.

361 3690 422 3770 ξ.
475 3688 530 3751 1.
616 3686 748 3752 Die
789 3687 1200 3774 Vertretung
1261 3690 1398 3753 und
1441 3690 1875 3777 Verwaltung
1926 3690 2043 3755 der
2092 3689 2593 3773 evangelischen

185 3789 448 3855 Kirche
470 3838 491 3872 ,
537 3788 789 3854 sowohl
830 3789 1390 3876 augsburgischen
1435 3791 1529 3855 als
1573 3791 2018 3856 helvetischen
2058 3788 2599 3883 Bekenntnisse8‚

179 3890 484 3979 gliedert
523 3888 662 3953 sich
699 3889 770 3953 in
812 3890 1366 3957 herkommlicher
1386 3890 1619 3955 Weise
1663 3892 1829 3956 nach
1870 3890 2231 3977 folgenden
2274 3889 2417 3954 drei
2448 3890 2587 3957 Ab·

180 3990 592 4077 stufungen:

406 4088 473 4173 a)
517 4090 638 4155 der
675 4089 1302 4177 Pfarrgemeinden3

402 4190 474 4274 b)
521 4189 642 4255 der
682 4190 1354 4279 Bezirksgemeinden
1397 4191 1789 4279 (Seniorate,
1832 4192 2131 4277 Tractus)
2172 4192 2307 4257 und

407 4290 470 4374 c)
517 4288 636 4358 der
679 4288 1721 4380 Super-intendentialgemeinden
1770 4290 2499 4380 (Superintendenzen).

365 4392 426 4471 ξ.
469 4390 530 4455 2.
617 4391 747 4456 Die
790 4390 1060 4479 Organe
1108 4393 1220 4458 des
1261 4392 1915 4479 Kirchenregiments
1962 4393 2141 4459 sind:
