2959 4984
359 219 466 276 472
609 221 881 276 Lxxvn.
953 221 1198 276 numm
1239 220 1376 274 PRO
1415 220 1663 276 REGNO
1700 220 2193 276 MOSCOVITIOO
2232 223 2295 274 A.
2328 219 2489 276 1848.

365 389 520 456 tiam
560 388 842 456 habebat
897 387 966 456 in
1006 387 1263 456 civitate
1305 387 1687 473 Kioviensi,
1742 409 1909 474 quae
1974 410 2122 454 cum
2160 387 2473 456 Dioecesi
2510 389 2757 456 Luoeo-

360 487 503 554 rina
521 539 542 572 ,
604 496 670 552 et
709 487 1191 576 Zytomeriensi
1249 511 1424 554 nunc
1463 487 1587 552 fuit
1628 489 2003 574 conjuncta,
2060 498 2320 577 oportet
2332 539 2355 572 ‚
2415 498 2491 556 ut
2527 491 2761 556 harum

361 587 752 656 Litterarum
773 587 1194 672 Exsequutor
1241 611 1360 676 pro
1403 587 1783 672 hujusmodi
1818 586 2320 676 Suffraganeatu
2360 588 2431 654 in
2456 590 2765 657 Dioecesi

361 685 816 754 Mobiloviensi
858 687 1276 756 residentiam
1315 689 1396 754 ab
1443 689 1567 754 hac
1604 687 1987 776 Apostolica
2030 686 2212 754 Sede
2274 689 2763 776 approbandam

370 787 692 874 designet.
732 787 823 856 Et
865 787 1168 874 quoniam
1193 787 1529 854 Vilnensis
1571 787 1915 856 Dioecesis
1960 797 2235 874 quatuor
2282 787 2571 876 pollebat
2612 785 2767 854 Suf-

368 888 872 975 fraganeatibus,
918 909 1194 972 quorum
1234 911 1401 954 unus
1443 887 1513 954 in
1558 887 1911 966 Curlandia
1950 887 2285 970 existebat,
2328 909 2494 972 quae
2536 883 2765 954 Samo-

369 984 632 1074 gitiensi
671 986 983 1056 Dioecesi
1029 988 1154 1053 fuit
1197 987 1534 1076 adjuncta,
1590 987 1825 1054 iccirco
1875 987 2209 1056 Vilncnsis
2248 987 2592 1054 Dioecesis
2635 995 2769 1052 tres

366 1096 612 1154 tantum
668 1085 738 1150 in
776 1095 1113 1175 posterum
1166 1087 1434 1156 habebit
1491 1083 2029 1172 suffraganeam
2068 1135 2089 1172 ‚
2134 1111 2411 1173 quorum
2460 1109 2635 1152 unus
2696 1085 2765 1150 in

363 1187 504 1276 ipsa
551 1189 712 1252 urbe
751 1185 1054 1252 Vilnensi
1071 1235 1092 1268 ,
1161 1185 1324 1250 alter
1363 1185 1436 1250 in
1471 1184 1833 1271 Trokensi,
1898 1195 1966 1250 et
2022 1186 2255 1254 tertius
2307 1186 2379 1252 in
2420 1184 2766 1251 Brestensi

364 1287 616 1352 civitate
657 1285 990 1353 residebit.
1047 1284 1192 1352 Etsi
1233 1306 1389 1351 vero
1435 1281 1935 1372 Samogitiensis
1980 1286 2321 1354 Dioecesis
2363 1285 2532 1352 duos
2572 1294 2765 1350 antea

367 1385 902 1473 Suffraganeatus
945 1385 1234 1468 haberet,
1279 1393 1497 1450 tamen
1538 1407 1688 1449 cum
1724 1384 2035 1452 Dioecesi
2074 1386 2203 1474 ipsi
2232 1383 2591 1452 Ourhndia
2630 1385 2768 1450 fue·

367 1486 453 1552 rit
495 1485 734 1570 addita,
778 1485 1006 1553 tertius
1049 1481 1591 1570 Suffraganeatus
1632 1483 1699 1550 in
1746 1506 1821 1550 ea
1851 1484 2325 1571 Dioecesierit
2370 1484 2768 1550 constituen-

374 1585 495 1652 dus
511 1634 534 1670 ,
597 1585 708 1672 qui
776 1585 845 1650 in
891 1584 1243 1652 Curlandia
1295 1584 1392 1650 uti
1431 1593 1621 1650 antea
1674 1584 1977 1652 resideat.
2064 1584 2265 1654 Hisce
2324 1583 2773 1652 tanmmmodo

365 1685 643 1776 peractis
680 1683 1250 1769 immutationibus,
1295 1684 1589 1770 reliquae
1626 1684 1985 1753 Dioeceses
2024 1685 2261 1752 iisdem
2296 1707 2567 1773 prorsus
2610 1683 2765 1750 Suf-

370 1784 846 1872 fragancatibus
889 1785 1243 1872 potientur,
1284 1784 1514 1870 quibus
1556 1795 1745 1850 antes
1784 1785 2184 1854 fruebantur.
2240 1785 2563 1850 Volumus
2616 1806 2773 1869 quo-

371 1906 497 1970 que
537 1892 610 1949 ut
643 1883 900 1970 singula
944 1883 1322 1950 earumdem
1357 1883 1801 1952 Ecclesisrum
1842 1883 2317 1953 canonicorum
2349 1882 2656 1970 Collegia
2694 1903 2771 1950 eo

370 1983 612 2073 pariter
654 1980 848 2048 modo
902 1992 968 2049 et
1006 1983 1216 2050 forma
1247 1993 1585 2074 perstent,
1646 2005 1772 2070 qua
1815 2006 1903 2050 ex
1944 1985 2179 2052 iisdem
2222 1982 2627 2073 Apostolicis
2672 1983 2774 2048 lit-

369 2081 528 2149 teris
567 2082 970 2149 constabilita
1011 2083 1195 2148 fuere
1212 2134 1234 2170 ,
1294 2093 1489 2170 atque
1532 2084 1708 2150 omni
1754 2107 1909 2152 sane
1952 2084 2167 2151 studio
2209 2083 2606 2152 inculcamus
2624 2133 2646 2168 ,
2706 2092 2777 2147 ut

367 2182 439 2248 in
481 2183 777 2248 omnibus
819 2183 1129 2268 cujusque
1174 2181 1583 2250 Cathedralis
1627 2184 1887 2274 Templi
1930 2184 2407 2252 Canonieorum
2455 2181 2775 2270 Collegiis

370 2305 457 2349 ex
498 2305 828 2348 sacrorum
871 2281 1210 2350 Canonum
1250 2279 1653 2372 praescripto
1725 2284 1855 2352 duo
1914 2282 2225 2353 canonici
2268 2283 2547 2350 existant
2612 2305 2769 2368 quo-

373 2403 521 2448 rum
564 2381 729 2448 alter
772 2379 1080 2448 Canonici
1123 2381 1450 2469 Theologi
1465 2433 1487 2468 ,
1522 2384 1687 2450 alter
1726 2406 1883 2450 vero
1933 2383 2243 2452 Canonici
2281 2383 2775 2450 Poenitentiarii

373 2505 606 2548 munus
653 2480 902 2568 sedulo,
945 2482 1222 2549 scienter
1241 2531 1264 2568 ,
1308 2506 1384 2549 ac
1421 2482 1737 2570 religiose
1784 2484 1967 2551 obire
2006 2484 2300 2567 studeat,
2351 2483 2773 2569 quemadmo-

375 2582 530 2646 dum
573 2582 750 2648 idem
789 2583 1120 2650 Decessor
1161 2582 1407 2650 Noster
1445 2583 1605 2650 Pius
1630 2583 1754 2650 VI.
1788 2583 1859 2648 in
1902 2583 2032 2650 suis
2074 2583 2205 2650 illis
2244 2583 2514 2650 Litteris
2558 2593 2763 2650 tanto-

369 2703 530 2771 pere
575 2682 998 2748 comendavit.

539 2781 680 2848 Iam
721 2803 879 2849 vero
927 2806 1075 2848 cum
1116 2781 1591 2852 Chersonensis
1634 2780 1855 2850 civitas
1900 2804 2065 2869 quae
2129 2784 2323 2851 totius
2362 2782 2775 2852 Chersonen-

377 2881 461 2948 sis
507 2881 827 2950 Gubernii
871 2892 1061 2970 caput
1099 2883 1183 2948 ad
1221 2883 1507 2950 Pontum
1540 2883 1873 2952 Euxinum
1934 2883 2057 2950 sita
2122 2893 2189 2950 et
2226 2883 2355 2950 loci
2396 2885 2777 2974 opportuni·

379 2989 529 3068 tate,
572 2991 638 3048 et
677 3004 986 3068 agrorum
1025 2984 1318 3048 ubertate
1340 3033 1361 3066 ,
1405 2991 1471 3051 et
1510 2983 1867 3050 incolarum
1910 2984 2305 3070 frequenfia„
2366 2993 2435 3050 et
2472 2985 2776 3054 maritimi

377 3090 604 3170 portus
647 3080 1100 3147 commoditate
1125 3131 1146 3165 ,
1224 3090 1288 3146 et
1333 3081 1779 3148 aedificiorum
1826 3084 2241 3152 multitudine
2298 3108 2375 3150 ac
2416 3087 2775 3174 pulchritu-

385 3179 536 3246 dine
577 3181 848 3266 aliisque
893 3203 1047 3246 sane
1089 3181 1455 3247 nominibus
1494 3181 1666 3246 inter
1712 3182 2071 3250 celebriora
2112 3185 2197 3252 ad
2221 3185 2399 3250 idem
2442 3208 2621 3253 mare
2666 3210 2777 3276 op-

386 3281 540 3372 pida
581 3281 814 3348 merito
853 3291 1252 3365 numeretur,
1301 3280 1623 3348 civitatem
1660 3281 1873 3370 ipsam
1892 3283 2271 3373 Episcopali
2316 3285 2635 3372 dignitate
2668 3287 2776 3352 de-

395 3381 741 3450 corandam
787 3403 928 3446 esse
973 3381 1501 3448 existimavimus.
1592 3383 2009 3470 Quapropter
2050 3392 2230 3450 motu
2269 3385 2538 3473 proprio
2546 3435 2569 3469 ,
2606 3395 2782 3452 certa

395 3482 659 3549 scientia
682 3531 701 3568 ,
746 3480 957 3566 deque
1001 3481 1422 3570 Apostolicae
1464 3481 1745 3549 Nostrae
1787 3482 2119 3570 potestatis
2161 3484 2600 3571 plenitudine,
2670 3487 2779 3551 ha-

389 3605 538 3649 rum
578 3581 971 3648 Litterarum
1020 3581 1086 3646 vi
1131 3580 1424 3646 eamdem
1473 3579 1994 3658 Chersonensem
2049 3585 2277 3650 urbem
2343 3583 2413 3648 in
2451 3582 2781 3673 episcopo-

391 3683 523 3748 lem
573 3680 916 3749 Civitatem
963 3682 1310 3770 erigimus,
1372 3691 1437 3749 et
1480 3683 1929 3748 constituimus
1966 3707 2111 3750 cum
2154 3684 2485 3767 omnibus,
2546 3692 2615 3748 et
2654 3683 2779 3748 sin·

389 3779 563 3870 gulis
601 3783 878 3869 juribuS,
921 3782 1294 3864 honoribuS,
1336 3781 1723 3870 privilegiis,
1761 3782 2274 3872 praerogativis,
2311 3782 2601 3866 indultis,
2642 3781 2778 3867 qui-

392 3884 511 3948 bus
557 3881 719 3948 aliae
763 3881 1187 3970 Episcopales
1227 3881 1563 3948 Ecclesiae
1618 3881 1689 3966 in
1732 3883 2107 3952 Russiarum
2149 3883 2435 3970 Imperio
2480 3882 2781 3948 canonico

395 3981 753 4048 existentes
796 3982 911 4065 uti,
960 3981 1110 4066 frui,
1154 4004 1228 4046 ac
1269 3981 1466 4070 potiri
1506 3982 1738 4048 solent.
1778 3982 1893 4048 Ad
1934 3983 2127 4066 hujus
2166 3992 2387 4050 autem
2426 3981 2583 4046 novi
2626 3980 2779 4069 Epi-

395 4091 692 4171 scopatus
733 4079 1200 4149 Chersonensis
1241 4081 1619 4148 Dioecesim
1664 4081 2181 4151 constituendam
2238 4081 2468 4149 eadem
2510 4080 2781 4146 auotori-

396 4189 531 4246 tate
574 4179 815 4248 Nostra
857 4181 1238 4270 Apostolica
1286 4180 1466 4246 hisce
1512 4181 1781 4248 Litteris
1839 4204 1878 4245 a
1922 4183 2231 4267 cujusque
2272 4201 2393 4272 seu
2428 4180 2779 4269 Episcopa-

395 4290 522 4365 tuS,
565 4301 678 4344 seu
720 4279 1081 4346 Vicariatus
1115 4279 1482 4368 Apostolici
1529 4281 1861 4347 territorio
1882 4331 1905 4366 ‚
1952 4279 2407 4366 jurisdictione
2426 4329 2452 4363 .,
2517 4279 2781 4347 admini-

401 4377 708 4444 stratione
725 4428 746 4461 ,
789 4379 1108 4464 regimine
1147 4390 1555 4472 perpetuum
1582 4378 1652 4446 in
1693 4381 1961 4468 modum
2000 4379 2445 4466 sejungimus,
2488 4378 2783 4456 distrahi-
