2959 4984
437 227 546 286 474
683 229 954 285 Lxxvu.
1023 229 1270 286 BUnLA
1311 231 1454 284 PRO
1496 231 1745 286 REGNO
1782 230 2275 284 noscovrrlco
2312 235 2379 285 A,
2416 229 2571 286 1848.

439 397 572 464 siae
613 397 684 462 in
719 395 1098 464 Russiarum
1137 395 1427 484 Imperio
1469 395 1595 462 rite
1642 403 1931 479 utuntur,
1972 403 2165 482 atque
2206 395 2559 486 potiuntur.
2632 395 2819 479 Quod

441 497 707 584 quidem
763 497 1110 584 Templum
1169 494 1579 562 Cathedralis
1638 495 2113 563 chersonensis
2174 495 2509 562 Ecclesiae
2572 493 2821 560 nomine

439 597 566 664 erit
605 595 1102 686 appellandum,
1161 605 1354 681 atque
1415 596 1489 660 in
1526 596 1645 662 illo
1696 594 2025 664 Cathedra
2037 645 2059 680 ,
2104 593 2319 662 Sedes
2342 646 2363 681 ,
2429 617 2508 662 ac
2550 594 2821 682 dignitas

437 696 842 788 Episcopalis
881 719 1001 786 pro
1044 718 1162 762 suo
1205 696 1519 762 Antistite
1559 696 1927 762 instituatur
1946 747 1969 782 ,
2010 697 2125 783 qui
2168 696 2639 762 Chersonensis
2680 694 2822 784 Epi-

439 819 672 888 scopus
709 796 1048 886 appellari,
1089 817 1164 861 ac
1207 793 1418 862 eidem
1461 795 1815 880 Ecclesiae,
1860 796 2140 879 Civitati,
2184 805 2253 862 et
2291 795 2597 862 Dioecesi
2631 793 2821 862 Cher-

444 897 703 965 sonensi
745 894 1123 986 praesidere
1167 895 1452 980 debebit,
1494 895 1725 962 eadem
1770 897 2033 964 omnino
2076 896 2345 980 ratione,
2382 893 2823 981 jurisdictione

437 1007 630 1084 atque
671 995 906 1064 iisdem
937 995 1193 1081 juribus
1212 1045 1232 1080 ,
1275 996 1631 1062 honoribus
1648 1046 1669 1081 ‚
1709 997 2073 1086 privilegiis
2094 1048 2114 1081 ,
2154 993 2665 1084 praerogativis,.
2692 992 2819 1078 qui-

439 1101 561 1166 bus
624 1097 896 1164 aliarum
937 1095 1379 1162 Ecclesiamm
1426 1095 1739 1186 Episcopi
1806 1097 1875 1162 in
1924 1095 2233 1164 Russiaco
2278 1093 2567 1184 Imperio
2608 1091 2693 1158 ad
2736 1115 2822 1156 sa·

438 1219 698 1265 erorum
743 1195 1082 1262 Canonum
1121 1217 1416 1262 normam
1459 1203 1750 1282 utuntur,
1792 1219 1867 1262 ac
1909 1197 2179 1286 pollent.

605 1293 704 1366 Ut
759 1304 974 1362 autem
1029 1295 1098 1362 in
1135 1295 1512 1382 hujusmodi
1554 1296 1831 1385 Templo
1874 1294 2075 1362 decor
2118 1296 2349 1361 domus
2395 1291 2527 1360 Dei
2568 1292 2814 1374 eniteat,

433 1397 654 1483 ibique
701 1395 920 1462 divina
961 1395 1192 1481 officia,
1235 1404 1304 1462 et
1341 1396 1507 1462 aliae
1548 1417 1765 1462 sacrae
1806 1397 2255 1464 caeremoniae
2292 1393 2813 1483 supplicationes-

443 1517 569 1584 que
616 1504 1014 1586 peragantur
1035 1545 1056 1580 ,
1101 1515 1265 1580 quae
1309 1495 1391 1560 ad
1429 1497 1747 1582 majorem
1787 1495 1915 1564 Dei
1957 1497 2268 1583 gloriam,
2314 1518 2393 1560 ac
2429 1493 2819 1581 spiritualem

436 1596 730 1664 fidelium
770 1595 1284 1662 aedificationem
1327 1603 1667 1683 tantopere
1712 1595 2077 1662 conducere
2120 1597 2349 1678 solent,
2392 1593 2699 1658 volumus
2740 1597 2817 1655 at-

437 1717 564 1782 que
621 1695 1051 1785 praecipimus
1109 1705 1182 1760 ut
1225 1694 1619 1762 Cathedrale
1678 1695 2157 1762 Canonicorum
2204 1693 2585 1784 Capitulum
2628 1691 2821 1758 statim

437 1794 745 1880 erigatur.
795 1795 995 1878 Quod
1037 1791 1517 1862 Canonicorum
1566 1793 1941 1882 Collegium
1980 1817 2218 1860 novem
2262 1792 2584 1862 constabit
2630 1791 2817 1858 eccle-

434 1893 704 1960 siasticis
743 1895 919 1979 viris,
967 1916 1205 1984 nempe
1249 1895 1505 1962 duobus
1528 1895 1966 1981 Praesulibus,
2008 1917 2127 1962 seu
2156 1887 2611 1982 Dignitatibus
2640 1893 2818 1958 Prae-

432 1993 666 2083 posito,
717 2001 784 2058 et
823 1993 1330 2078 Archidiacono,
1377 2005 1651 2080 quatuor
1698 1994 2061 2080 Canonicis,
2106 2017 2191 2062 ex
2232 1996 2469 2080 quibus
2512 2015 2687 2060 unus
2712 1990 2819 2058 Ca·

431 2093 648 2161 nonici
689 2094 1014 2181 Theologi
1028 2142 1048 2178 ,
1089 2095 1254 2160 alter
1299 2091 1611 2162 Canonici
1651 2095 2145 2162 Poenitentiarii
2179 2116 2451 2162 munere
2488 2093 2559 2160 in
2600 2113 2817 2182 perpe-

433 2203 616 2262 tuum
655 2195 886 2262 sedulo
929 2197 1240 2282 fungatur
1261 2243 1284 2278 ,
1323 2197 1493 2262 alter
1537 2195 1801 2262 demum
1848 2197 2065 2262 omnia
2105 2195 2383 2262 Parochi
2424 2193 2653 2260 munia
2692 2213 2818 2258 cum

429 2295 756 2362 consuetis
789 2295 1046 2382 juribus
1087 2305 1406 2385 perpetuo
1447 2317 1527 2362 ac
1577 2295 1929 2383 diligenter
1974 2298 2167 2362 obeat
2205 2295 2277 2360 in
2318 2317 2427 2377 ea,
2496 2315 2671 2380 quae
2712 2289 2816 2358 Ca-

433 2394 716 2485 thedrali
767 2395 981 2462 eidem
1025 2395 1328 2462 attributa
1367 2395 1567 2462 fuerit
1607 2395 1921 2462 Paroeeia
1937 2444 1957 2480 ,
2042 2396 2223 2481 cujus
2278 2392 2629 2461 habitualis
2682 2411 2820 2456 cura

433 2513 636 2583 penes
683 2493 1052 2584 Capitulum
1091 2496 1308 2584 ipsum
1351 2517 1497 2562 esse
1543 2496 1844 2581 debebit,
1904 2495 2167 2562 actualis
2225 2517 2384 2562 vero
2440 2495 2535 2560 -ab
2572 2513 2705 2558 uno
2746 2512 2818 2556 ex

439 2591 782 2662 Canonicis
825 2596 920 2662 uti
965 2619 1162 2684 supra
1211 2596 1333 2662 erit
1375 2596 1765 2664 exercenda.
1812 2595 2012 2662 Hisce
2052 2603 2273 2661 autem
2314 2615 2435 2660 sex
2484 2588 2814 2658 Canonicis

433 2703 567 2760 tres
612 2693 932 2762 addantur
950 2695 1367 2762 Mansionarii
1411 2718 1527 2762 seu
1549 2695 1961 2762 Beneficiarii
2000 2703 2359 2784 perpetuae
2392 2693 2645 2784 pariter
2684 2692 2813 2756 fun-

435 2791 730 2860 dationis.
812 2795 988 2860 Illud
1037 2804 1255 2861 autem
1307 2795 1378 2862 in
1417 2795 1647 2885 primis
1694 2793 2045 2882 diligenter
2088 2795 2528 2880 religioseque
2574 2813 2815 2861 servan-

437 2892 597 2959 dum
639 2913 786 2960 esse
827 2894 1258 2983 praecipimus
1273 2943 1294 2977 ,
1347 2904 1424 2960 ut
1465 2902 1965 2962 commemorata
2004 2894 2341 2960 Beneficia
2351 2943 2371 2976 ,
2414 2916 2492 2960 ac
2536 2911 2814 2982 praeser-

436 2991 551 3060 tim
597 2991 1026 3061 Canonicatus
1055 2994 1328 3060 duarum
1348 2993 1777 3082 Dignitatum,
1824 3001 1893 3060 et
1930 2993 2277 3080 Theologi,
2316 2989 2813 3071 Poenitentiarii,

435 3113 512 3158 ac
530 3089 807 3158 Perochi
852 3093 933 3158 iis
977 3093 1350 3163 deferantur
1391 3095 1568 3178 viris,
1612 3093 1721 3180 qui
1764 3093 1948 3180 digni
1984 3085 2183 3180 atque
2224 3093 2447 3160 idonei
2496 3092 2650 3176 sint,
2690 3090 2808 3177 qui-

435 3213 565 3280 que
613 3193 994 3260 necessariis
1055 3194 1310 3261 dotibus
1367 3195 1692 3283 polleant,
1754 3215 1829 3260 ac
1879 3202 2229 3283 propterea
2264 3193 2651 3262 mandamus
2672 3241 2694 3276 ,
2749 3201 2813 3258 ut

435 3291 858 3358 Praebendae
907 3291 1216 3360 Canonici
1256 3293 1583 3380 Theologi
1596 3343 1617 3378 ,
1672 3291 2158 3360 Poenitentiarii
2178 3342 2201 3376 ,
2254 3301 2322 3358 et
2360 3293 2644 3362 Paroehi
2682 3315 2812 3360 con-

433 3393 728 3460 ferantur
767 3394 1034 3482 praevio
1079 3417 1395 3462 concursu
1428 3396 1625 3480 juxta
1650 3392 1923 3460 Consilii
1938 3393 2304 3462 Tridentini
2338 3395 2811 3486 praescriptum.

434 3493 757 3560 Volumus
796 3503 1011 3561 autem
1057 3503 1132 3560 ut
1185 3495 1312 3560 hoc
1359 3493 1830 3562 Chersonensis
1874 3493 2283 3562 Cathedralis
2324 3495 2587 3584 Templi
2624 3494 2813 3562 Cano-

433 3594 726 3661 nicorum
749 3593 1146 3682 Collegium,
1189 3604 1534 3683 postquam
1576 3594 1701 3660 rite
1743 3593 1940 3660 fuerit
1975 3593 2360 3678 institutum,
2400 3594 2639 3662 iisdem
2682 3596 2811 3662 cho-

427 3695 670 3768 ralibus
708 3693 1106 3760 indumentis
1151 3717 1226 3760 ac
1269 3693 1569 3760 omnibus
1582 3741 1602 3776 ‚
1672 3702 1737 3760 et
1796 3694 2073 3782 singulis
2113 3694 2341 3781 gratiis
2358 3743 2379 3777 ‚
2443 3693 2810 3784 privilegiis,

431 3793 808 3879 honoribus,
847 3793 1113 3860 indultis
1154 3793 1562 3882 perfruatur„
1605 3787 2153 3879 quemadmodum
2196 3783 2503 3862 canonice
2540 3795 2813 3882 gaudent

433 3891 556 3958 alia
611 3892 680 3957 in
725 3893 1102 3960 Russiarum
1168 3894 1454 3984 Imperio
1502 3892 1989 3961 Cathedralium
2026 3893 2471 3960 Ecclesiamm
2516 3891 2811 3984 Capitale,

442 3991 794 4058 dummodo
846 3993 974 4060 sint
1013 3993 1082 4059 in
1123 4016 1245 4060 usu
1263 4044 1283 4077 ,
1351 4015 1473 4058 nec
1512 3994 1757 4060 fuerint
1798 4015 1884 4059 ex
1928 3993 2197 4082 speciali
2236 3994 2687 4076 concessione,
2719 3989 2814 4054 vel
2924 4063 2926 4066 Α

443 4093 627 4159 titulo
677 4117 952 4160 oneroso
994 4094 1145 4161 data
1183 4104 1378 4180 atque
1423 4093 1749 4178 acquisita.
1813 4093 2127 4180 Ejusdem
2167 4095 2396 4161 harum
2438 4094 2809 4162 Litterarum

439 4191 912 4280 Exsequutoris
973 4217 1163 4262 curae
1221 4193 1679 4260 committimus
1695 4241 1715 4277 ,
1784 4204 1859 4259 ut
1912 4195 2028 4260 ubi
2076 4193 2551 4263 Chersonensis
2598 4195 2808 4264 Cathe-

441 4293 642 4360 dralis
690 4293 974 4384 Capituli
1010 4295 1326 4360 institutio
1366 4293 1563 4360 fuerit
1604 4303 1883 4382 peracta,
1926 4293 2143 4361 eidem
2176 4292 2651 4364 Canonicorum
2676 4293 2806 4362 Col-

443 4393 622 4477 legio
669 4393 1062 4481 Capitularia
1107 4403 1343 4461 statuta
1387 4385 1842 4485 amplectenda
1881 4404 2229 4486 proponat,
2268 4417 2436 4482 quae
2478 4396 2807 4468 Sacrorum
