2959 4984
436 330 583 381 XXI·
660 328 859 381 ORDO
904 327 1360 380 CELEBRANDI
1399 327 1806 382 GENERALIS
1845 327 2183 381 CONCILII.
2441 322 2544 378 125

128 492 509 571 debeamus,
554 503 664 569 ut,
720 503 779 554 te
821 490 1213 570 auxiliante,
1258 489 1385 555 tibi
1424 491 1828 576 complacere
1871 494 1941 556 in
1989 491 2276 556 omnibus
2319 493 2533 557 valea-

122 615 285 673 mus,
337 605 473 656 esto
515 592 715 670 salus,
760 605 823 654 et
864 589 1131 674 effector
1174 591 1574 656 iudiciorum
1605 606 2018 673 nostrorum,¹
2049 596 2167 681 qui
2187 594 2366 658 solus
2397 616 2539 658 cum

124 691 273 758 Deo
320 691 552 770 Patre,
602 704 662 754 et
710 695 843 755 eius
890 691 1068 756 Filio
1112 714 1342 756 nomen.
1381 692 1678 776 possides
1723 693 2108 780 qloriosum,
2153 717 2286 758 non
2322 696 2538 779 patia-

118 797 222 858 ris
250 791 775 880 perturbatiores
808 815 942 856 esse
986 794 1305 870 iusticiae,
1356 795 1473 880 qui
1511 815 1816 856 summam
1865 794 2090 881 dili-qis
2133 796 2541 883 aequitatem,

119 918 261 958 non
302 896 377 958 in
422 895 757 956 sinistrum
798 914 917 956 nos
966 894 1347 978 iqnorantia
1386 889 1622 970 trahat,
1669 915 1800 956 non
1821 891 2034 978 favor
2065 893 2366 976 inflectat,
2411 916 2542 958 non

118 997 426 1080 acceptio
468 1016 823 1074 munerum,
872 993 978 1055 vel
1007 1015 1333 1078 personae
1375 1005 1785 1077 corrumpat,
1840 993 1958 1056 sed
1997 995 2193 1080 iunye
2238 1017 2354 1056 nos
2402 990 2540 1076 effi·-

120 1096 378 1160 caciter
428 1095 581 1175 tibi,
652 1095 855 1160 solius
906 1108 1051 1159 tuae
1090 1098 1353 1182 qratiae
1396 1095 1608 1172 dono;
1677 1107 1750 1158 ut
1795 1098 1994 1158 simus
2041 1097 2111 1157 in
2155 1117 2384 1172 unum,
2429 1093 2548 1156 sed

120 1198 199 1274 in.
258 1195 451 1259 nullo
488 1195 859 1260 aberremus
906 1221 949 1258 a
984 1219 1161 1274 vero,
1212 1209 1527 1282 quatenus
1574 1196 1645 1257 in
1681 1196 1939 1258 nomine
1983 1208 2092 1258 tuo
2141 1193 2404 1258 collecti
2443 1195 2540 1256 sic

122 1299 197 1359 in
258 1299 511 1360 cunctis
558 1309 879 1358 tenea-mus
928 1318 1069 1358 cum
1111 1295 1554 1360 ‘moderamine
1592 1297 1856 1380 pietatis
1902 1297 2262 1373 iusticiam,
2327 1306 2399 1356 ut
2439 1291 2544 1356 hic

120 1423 167 1462 a
216 1409 278 1460 te
328 1399 399 1460 in.
442 1395 631 1459 nullo
678 1395 1021 1460 dissentiat
1062 1399 1383 1460 sententia
1422 1409 1672 1475 nostra,
1721 1409 1781 1458 et
1824 1397 1894 1458 in
1923 1391 2170 1480 futuro
2207 1418 2334 1481 pro
2387 1394 2542 1457 bene

120 1500 332 1584 yestis
374 1519 845 1584 consequamur
873 1497 1183 1581 praemia
1224 1499 1638 1582 sempiterna.
1728 1495 1876 1577 Qua
1918 1494 2118 1576 finita,
2165 1516 2388 1560 omnes
2437 1515 2539 1559 re-

122 1597 517 1686 spondeant,
562 1595 793 1662 Amen.

296 1695 517 1762 Finita
562 1697 873 1780 oratione,
914 1696 1241 1762 Diaconus
1288 1719 1325 1760 a
1368 1694 1640 1762 sinistris
1682 1719 1978 1792 singem,
2019 1718 2248 1782 versus
2289 1681 2372 1762 ad
2416 1697 2537 1762 Pa-

123 1808 263 1864 tres
311 1798 510 1866 dicit:
576 1797 841 1885 Eriqite
880 1821 1013 1878 vos,
1063 1804 1130 1860 et
1170 1817 1393 1860 omnes
1440 1806 1734 1880 surgunt.
1823 1796 1910 1862 Et
1949 1807 2244 1864 cantores
2285 1806 2540 1864 cantant

122 1899 586 1989 Antiphontis.

302 1998 586 2064 Exaudi
620 2020 759 2077 nos,
812 1997 1105 2077 Domine,
1152 2002 1457 2086 quoniam
1507 1997 1786 2084 beniyna
1817 2012 1911 2062 est
1942 2001 2400 2064 misericordia
2431 2014 2544 2066 tua

124 2100 485 2164 secundum
527 2099 1003 2162 multitudinem
1047 2100 1536 2162 miserationum
1589 2111 1881 2179 tuarum,
1951 2103 2204 2184 respice
2246 2120 2364 2164 nos
2409 2098 2544 2164 Do—

123 2204 324 2264 mine.
415 2197 669 2264 Iterum
711 2198 1040 2264 Diaconus
1102 2222 1140 2264 a
1202 2198 1450 2263 dextris
1509 2219 1858 2264 conversus
1923 2199 2008 2263 ad
2065 2209 2282 2287 patres
2348 2200 2534 2266 dicit:

128 2300 377 2366 Orate:
445 2308 512 2365 et
567 2299 861 2365 similiter
922 2321 1145 2364 omnes
1191 2301 1660 2388 procumbunt,
1727 2307 1795 2363 et
1845 2298 2312 2384 aliquantulum
2358 2308 2544 2364 orant

126 2409 409 2466 secrete.
454 2398 751 2486 Surgens
799 2399 1039 2488 deinde
1073 2399 1401 2466 Diaconus
1446 2424 1485 2466 a
1525 2399 1798 2464 sinistris
1847 2397 2035 2463 dicit:
2083 2399 2345 2486 Eriyite
2385 2419 2534 2475 vos;
2622 2409 2629 2416 ‘

122 2511 192 2566 et
236 2521 469 2567 omnes
514 2509 807 2586 surgunt.
869 2499 956 2565 Et
986 2500 1295 2566 Pontifex
1340 2500 1638 2564 omnibus
1677 2497 1990 2562 stantibus
2033 2498 2288 2563 detecto
2333 2498 2540 2584 capite

120 2602 285 2667 dicit
330 2600 691 2666 orationem
730 2601 1042 2666 absolute.
1148 2598 1395 2664 Mentes
1438 2613 1700 2663 nostras
1721 2646 1740 2679 ,
1811 2622 2194 2688 quaesumus
2239 2596 2536 2678 Domine,

122 2701 543 2780 Paracletus,
592 2705 709 2791 qui
744 2725 787 2765 a
834 2714 893 2765 te
929 2700 1251 2786 procedit,
1295 2701 1639 2780 illuminet,
1693 2713 1753 2763 et
1792 2701 1859 2763 in
1893 2723 2154 2779 omnem,
2199 2701 2364 2762 sicut
2393 2711 2539 2762 tuus

110 2805 432 2890 promisit
490 2800 729 2880 Filius,
790 2799 1061 2864 inducat
1119 2802 1476 2864 veritatem.
1569 2797 1702 2878 Qui
1743 2813 1944 2863 tecum
1989 2801 2151 2863 vivit
2195 2812 2256 2862 et
2299 2811 2537 2885 reynat
2587 2883 2591 2886 q

120 2907 195 2966 in
238 2905 495 2967 unitate
536 2901 833 2966 eiusde-m.
924 2901 1071 2983 Qua
1121 2899 1333 2982 finita,
1378 2899 1618 2965 iterum
1667 2921 1890 2964 omnes
1938 2899 2419 2986 genuflectunt,
2469 2908 2537 2964 et

124 3003 201 3068 fit
240 3001 467 3074 litania
481 3050 502 3084 ,
545 3021 709 3086 quae
754 3022 874 3090 per
922 2999 1085 3064 duos
1126 3022 1213 3066 ex
1229 3001 1615 3074 ‘cantoribus
1662 3001 2156 3088 pronunciatur,
2203 3009 2270 3064 et
2314 3019 2536 3064 omnes

124 3101 569 3192 respondent,
636 3110 703 3165 et
744 3109 895 3190 post
934 3121 1194 3166 versum
1236 3099 1455 3182 illum,
1518 3115 1591 3164 ut
1636 3101 1870 3164 donum
1915 3099 2374 3186 Apostolicum
2417 3107 2535 3163 etc.

128 3225 413 3290 surgens
462 3201 773 3268 Pontifex
818 3223 961 3265 cum
1006 3200 1193 3266 mitra
1234 3198 1580 3281 benedicit,
1622 3197 1896 3286 Synodo
1941 3199 2192 3264 dicens:
2253 3198 2332 3263 Ut
2374 3197 2541 3263 hanc

128 3303 446 3370 Sanctam
487 3301 857 3388 Synodum,
924 3314 985 3364 et
1048 3323 1261 3364 omnes
1306 3301 1554 3387 yradus
1603 3299 2100 3365 Ecclesiasticos
2164 3299 2540 3363 benedicere

128 3405 447 3493 diyneris.
513 3401 601 3466 Et
642 3423 865 3467 omnes
902 3401 1331 3489 respondent:
1384 3399 1470 3464 Te
1518 3424 1846 3486 royamus,
1893 3401 2057 3465 audi
2087 3423 2224 3464 nos.
2287 3398 2537 3464 Iterum

129 3505 319 3570 dicit:
382 3503 466 3568 Ut
498 3502 665 3568 hanc
710 3501 1023 3569 Sanctam
1054 3501 1423 3588 Synodu-m,
1478 3515 1538 3566 et
1580 3523 1792 3566 omnes
1833 3502 2079 3588 qradus
2125 3499 2538 3566 Ecclesiasti-

130 3629 243 3670 cos
294 3604 673 3668 benedicere
718 3617 779 3668 et
810 3625 1039 3691 reyere
1086 3602 1397 3688 diqneris.
1439 3602 1638 3690 Resp.
1688 3601 1777 3666 Te
1822 3624 2154 3688 royamus,
2195 3600 2360 3663 audi
2399 3621 2542 3661 nos.-

126 3705 217 3770 Et
258 3704 477 3769 tertio:
544 3703 625 3768 Ut
669 3703 834 3768 hanc
878 3701 1191 3768 Sanctam
1231 3700 1612 3788 Synodum,
1663 3716 1722 3766 et
1767 3725 1978 3766 omnes
2019 3701 2268 3788 yradus
2311 3697 2535 3764 Eccle-

132 3809 444 3872 siasticos
498 3805 917 3885 benedicere,
976 3827 1227 3891 reyere,
1290 3816 1351 3867 et
1410 3826 1799 3868 conservare
1857 3803 2168 3889 diyneris
2249 3799 2538 3884 Respon-

134 3907 339 3973 dent.
408 3905 503 3970 Te
538 3928 887 3991 royamus,
932 3905 1101 3968 audi
1134 3927 1273 3968 nos.
1358 3901 1482 3986 Et,
1529 3905 1994 3990 procumbente
2038 3902 2275 3966 iterum
2317 3896 2537 3962 Ponti-

130 4009 278 4091 fice,
322 4006 543 4072 litania
589 4005 941 4093 perficitur.
1003 4004 1268 4069 Deinde
1313 3952 1592 4090 surg-’unt
1638 4027 1882 4086 omnes,
1931 4011 1995 4066 et
2037 3999 2346 4066 Pontifex
2385 4019 2530 4061 ver-

132 4133 243 4175 sus
290 4108 375 4174 ad
419 4107 653 4172 Altare
714 4106 851 4170 sine
898 4105 1085 4170 mitra
1145 4105 1341 4170 dicit:
1409 4104 1696 4170 Oremus.
1779 4105 2110 4170 Diaconus
2167 4125 2205 4165 a
2250 4097 2535 4163 dextris:

138 4210 199 4276 F
198 4212 508 4276 lectamus
548 4231 783 4293 qenua,
834 4213 899 4270 et
938 4205 1269 4272 Diaconus
1312 4230 1350 4270 a
1393 4205 1698 4271 sinistris:
1745 4205 2002 4270 Levate.
2067 4201 2154 4267 Et
2190 4198 2532 4266 Pontifex:

134 4311 273 4392 Da,
330 4331 715 4400 quaesumus
741 4355 762 4387 ,
832 4303 1170 4371 Ecclesiae
1216 4321 1361 4371 tuae
1377 4353 1409 4386 ,.
1446 4310 1819 4372 misericors
1863 4303 2051 4368 Deus
2070 4349 2086 4383 ,
2150 4315 2222 4366 ut
2272 4301 2535 4386 Spiritu

136 4413 383 4478 Sancto
420 4420 841 4495 conyreyata,
874 4405 1108 4470 hostili
1140 4407 1514 4472 nullatenus
1539 4409 1910 4470 incursione
1934 4403 2379 4490 perturbetur,
2415 4424 2540 4487 per

134 4527 249 4578 etc.
294 4517 367 4578 in
410 4513 667 4575 unitate
698 4507 980 4571 eiusdem
1030 4521 1144 4572 etc.
1227 4507 1395 4574 Tum
1435 4507 1765 4575 Diaconus
1808 4507 1973 4594 petit
2010 4503 2530 4572 benedictionem
