2959 4984
40 1226 43 1311 l
497 1165 502 1169 ”
967 1182 1239 1284 Pars
1314 1181 1655 1313 prior.

112 1457 588 1543 Monumenta
664 1454 1032 1545 historica
1103 1456 1376 1542 ordine
1457 1453 2010 1562 chronologico
2076 1451 2471 1565 disposita.

673 1932 728 1997 I.
813 1932 1140 2019 Regula
1187 1931 1763 1997 Formatarum
1790 1928 1879 2015 ⁴³).

255 2112 499 2181 Graeca
545 2116 868 2181 elementa
906 2117 1266 2181 litterarum
1305 2138 1609 2182 numeros
1656 2116 1849 2181 etiam
1894 2114 2283 2202 exprimere,
2325 2111 2467 2176 nul-

115 2212 196 2275 lus
235 2215 338 2297 qui
390 2216 499 2280 vel
541 2217 824 2281 tenuiter
873 2216 1113 2283 Graeci
1177 2218 1491 2281 sermonis
1556 2215 1847 2283 notitiam
1888 2215 2085 2281 habet
2104 2263 2124 2297 ,
2196 2214 2475 2299 ignorat.

115 2311 200 2376 Ne
237 2311 428 2398 igitur
469 2317 540 2380 in
583 2316 896 2381 faciendis
939 2316 1230 2405 epistolis
1275 2317 1619 2399 canoniciS,
1660 2339 1815 2402 quas
1859 2338 1997 2381 mos
2036 2314 2305 2379 Latinus
2344 2313 2475 2377 for-

117 2422 292 2478 matas
335 2416 636 2504 appellat,
681 2416 896 2500 aliqua
937 2417 1112 2481 fraus
1153 2417 1445 2482 falsitatis
1488 2428 1736 2482 temere
1768 2423 2313 2504 praesumeretur,
2356 2414 2480 2477 hoc

116 2535 148 2573 a
181 2516 445 2599 patribus
496 2514 916 2582 CCCXVIII
956 2516 1238 2581 Nicaeae
1299 2517 1717 2603 congregatis
1790 2516 2213 2583 saluberrime
2256 2514 2481 2577 inven-

117 2620 236 2676 tum
273 2624 364 2680 est
403 2624 470 2681 et
515 2615 950 2698 constitutum,
993 2625 1066 2680 ut
1094 2616 1438 2683 Formatae
1481 2619 1791 2707 epistolae
1836 2617 2002 2682 hanc
2044 2612 2477 2681 calculationis

118 2732 222 2775 seu
271 2714 734 2803 supputationis
797 2716 1077 2781 habeant
1132 2718 1488 2801 rationem3
1552 2718 1624 2783 id
1684 2726 1783 2783 est
1840 2727 1909 2781 ut
1960 2724 2364 2781 assumantur
2418 2714 2486 2778 in

120 2815 546 2900 supputatione
604 2816 888 2902 primum
949 2815 1204 2882 Graeca
1265 2817 1591 2883 elementa
1629 2818 1841 2883 Patris
1902 2826 1971 2883 et
2018 2814 2169 2883 Filii
2230 2823 2295 2881 et
2338 2812 2485 2902 Spi-

128 2911 268 2976 ritus
307 2916 502 2979 sancti
548 2917 618 2977 Π
635 2914 762 2981 YA
773 2966 794 2999 ,
840 2938 1002 3001 quae
1047 2917 1372 2983 elementa
1415 2918 1937 3004 octogenarium,
1982 2915 2481 3001 quadringente-

123 3009 324 3077 simum
382 3025 446 3079 et
499 3013 782 3103 primum
825 3016 1192 3101 significant
1231 3040 1576 3083 numeros:
1640 3018 1821 3083 Petri
1864 3038 2121 3102 quoque
2169 3015 2476 3103 Apostoli

122 3112 302 3195 prima
336 3115 568 3197 littera,
616 3116 686 3181 id
730 3124 827 3181 est
865 3118 972 3179 11:
1040 3117 1149 3201 qui
1191 3140 1500 3184 numerus
1546 3119 1877 3204 octoginta
1918 3116 2269 3203 significat:
2338 3116 2477 3181 eius

130 3212 224 3291 qui
259 3214 464 3280 scribit
503 3214 812 3303 Episcopi
855 3216 1064 3303 prima
1099 3217 1352 3301 littera,
1420 3218 1522 3283 cui
1578 3219 1879 3283 scribitur
1920 3216 2207 3283 secunda
2246 3216 2481 3297 littera,

125 3312 452 3399 accipientis
481 3316 674 3380 tertia
703 3316 949 3380 littera:
989 3315 1280 3383 Civitatis
1313 3340 1571 3403 quoque
1608 3319 1688 3383 de
1731 3342 1855 3403 qua
1886 3318 2200 3399 scribitur,
2240 3324 2481 3400 quarta,

127 3418 187 3470 et
214 3410 567 3479 Indictionis
585 3465 606 3498 ,
656 3436 1099 3503 quaecumque.
1144 3418 1216 3483 id
1262 3418 1573 3506 temporis
1615 3419 1813 3483 fuerit
1833 3468 1853 3501 ,
1913 3416 2090 3483 idem
2132 3417 2242 3502 qui
2281 3415 2479 3480 fuerit

125 3529 390 3580 numerus
445 3524 850 3581 assumatur:
897 3526 1089 3603 atque
1148 3508 1248 3581 his
1313 3520 1609 3583 omnibus
1654 3518 1884 3583 litteris
1932 3516 2199 3584 Graecis
2225 3566 2246 3599 ,
2316 3536 2479 3601 quae

123 3616 190 3670 ut
225 3611 481 3682 diximus
523 3638 833 3681 numeros
879 3618 1291 3705 exprimunt,
1360 3618 1430 3683 in
1469 3642 1671 3683 unum
1715 3617 1945 3701 ductis,
1991 3640 2183 3682 unam
2205 3668 2223 3700 ,
2290 3636 2482 3701 quae-

125 3729 346 3797 cunque
383 3718 596 3801 fuerit,
640 3740 958 3783 summam
999 3716 1271 3807 epistola
1315 3727 1549 3783 teneat.
1591 3718 1779 3785 Hanc
1828 3719 1936 3803 qui
1968 3718 2253 3805 suscipit,
2302 3714 2480 3781 omni

129 3829 248 3875 cum
287 3818 524 3881 cautela
561 3817 852 3902 requirat
891 3839 1286 3907 expressam.
1383 3817 1610 3883 Addat
1646 3827 1985 3905 praeterea
2028 3815 2372 3907 separatim
2414 3815 2481 3879 in

129 3910 360 3994 epistola
397 3916 588 3981 etiam
632 3918 1142 4005 nonagenarium
1187 3928 1251 3983 et
1292 3941 1536 3983 nonum
1578 3940 1939 4000 numerum,
1987 3916 2096 4002 qui
2126 3914 2481 3980 secundum

131 4001 350 4076 Graeca
386 4014 705 4080 elementa
751 4015 1076 4103 significat
1119 4018 1435 4083 AMHN.

304 4299 354 4368 *)
385 4303 430 4356 E
463 4305 652 4361 codiee
688 4323 968 4364 canonum
1006 4309 1215 4365 saeculi
1251 4309 1434 4379 quinti
1466 4310 1619 4379 apud
1657 4309 1918 4363 Ballerin.
1976 4306 2141 4378 Oper.
2178 4306 2348 4363 Leon.
2384 4310 2481 4363 111.

127 4376 246 4433 452·
285 4384 361 4439 Da
401 4390 596 4447 litteris
650 4394 902 4452 formatis
948 4400 1008 4451 et
1056 4398 1524 4451 commendatitiis
1573 4398 1703 4451 vide
1743 4396 2037 4451 Lehrbuch
2080 4396 2183 4451 des
2222 4395 2489 4450 Kirchen-

40 4478 42 4509 ¹
125 4464 300 4521 recht„
325 4478 368 4537 ἓ.
399 4480 511 4534 207.
542 4485 657 4535 not.
699 4486 750 4539 9.

199 4550 345 4603 Walter
370 4563 526 4613 Fontes
559 4572 676 4614 iuris
711 4574 1042 4617 ecclesiastici.
2058 4572 2082 4623 Ῑ
