2959 4984
419 325 525 380 294
667 323 912 375 XLVIII.
987 321 1298 373 LITERAE
1330 316 1770 371 AROHOEPISG.
1812 315 2236 370 VOENNENStS
2275 316 2335 367 A.
2374 315 2536 370 1855.

421 489 530 574 qui
575 487 824 552 curabit
842 535 863 570 ,
916 493 989 550 ut
1027 485 1366 570 negotium
1418 481 1777 548 seeundum
1820 481 2035 568 Ipsius
2090 481 2489 546 voluntatem
2544 490 2613 547 et
2657 483 2838 567 legis

425 589 507 655 ad
550 595 834 653 mentem
875 593 1321 673 pertractetur.

589 687 742 753 XV.
829 687 1051 769 Quum
1089 706 1256 749 anno
1302 683 1466 748 1849
1524 682 1797 746 militum
1840 682 1910 746 in
1954 681 2253 748 domibus
2296 681 2842 747 collocandorum

427 813 578 855 cura
626 784 1185 853 communitatibus
1255 782 1539 871 politicis
1592 781 2091 848 concrederetur
2116 831 2136 864 ,
2198 806 2337 848 non
2378 784 2841 868 infrequenter

423 888 687 972 accidit,
731 895 806 952 ut
845 884 1166 973 parochis,
1211 883 1320 968 qui
1365 903 1581 967 neque
1620 883 1921 970 ampliori
1962 882 2354 949 habitatione
2394 905 2607 969 neque
2652 883 2840 948 redi-

428 991 600 1055 tibus
671 1008 1026 1072 congruam
1085 983 1538 1072 superantibus
1598 983 1972 1047 fruerentur
1994 1033 2013 1065 ,
2081 983 2318 1049 milites
2372 984 2444 1048 in
2498 1007 2612 1050 sua
2666 985 2845 1050 reei-

424 1089 647 1179 piendi
697 1085 1050 1152 necessitas
1086 1085 1552 1172 imponeretur.
1648 1085 1982 1166 Quantum
2018 1085 2146 1148 hoc
2182 1087 2262 1149 ab
2308 1085 2627 1170 aequitate
2670 1084 2841 1148 alie-

425 1214 580 1256 num
627 1189 728 1272 sit,
759 1185 1067 1274 Episcopi
1109 1185 1255 1273 plus
1299 1207 1432 1248 una
1469 1182 1613 1247 vice
1652 1192 2097 1270 exposuerunt
2141 1193 2205 1249 et
2246 1185 2570 1250 medelam
2608 1185 2842 1249 afferri

429 1286 847 1376 Imperatoris
887 1284 1188 1349 voluntas
1239 1292 1338 1347 est
1366 1331 1386 1364 ,
1456 1304 1731 1368 cumque
1776 1283 1901 1348 hoe
1939 1283 2083 1370 ipso
2146 1293 2441 1372 tempore
2504 1284 2587 1350 de
2626 1285 2842 1349 refor-

436 1387 671 1454 mando
719 1395 854 1450 toto
898 1383 1136 1448 milites
1181 1382 1542 1448 collocandi
1582 1383 1849 1468 negotio
1890 1393 2153 1468 agatur,
2203 1385 2439 1471 jussit,
2480 1394 2553 1448 ut
2589 1385 2658 1448 in
2706 1385 2843 1449 dis-

437 1487 866 1578 positionibus
909 1483 1265 1550 condendis
1312 1483 1487 1546 clero
1532 1482 1750 1549 debito
1795 1484 1989 1548 modo
2036 1484 2477 1573 provideatur.

597 1586 784 1652 XVI.
873 1583 1108 1669 Quoad
1169 1592 1340 1649 ratas
1401 1583 1735 1648 habendas
1780 1605 2092 1672 personas
2144 1584 2229 1649 ad
2268 1585 2583 1652 beneficia
2628 1585 2843 1650 eccle-

438 1687 690 1752 siastica
732 1682 1207 1775 promovendas
1251 1681 1559 1770 Majestas
1604 1681 1740 1750 Sua
1780 1684 2098 1768 intendit,
2154 1694 2383 1752 cuncta
2418 1685 2488 1750 in
2530 1707 2635 1767 e0,
2708 1707 2842 1770 quo

438 1810 608 1851 nune
654 1794 820 1867 sunt,
861 1794 1028 1848 statu
1072 1784 1443 1868 relinquere
1466 1832 1487 1866 ,
1536 1791 1601 1848 et
1648 1792 1882 1870 sperat,
1928 1807 2257 1870 nunquam
2296 1785 2616 1868 futurum,
2656 1786 2843 1870 quod

438 1886 889 1953 necessitatem
930 1884 1193 1966 inferat,
1245 1883 1565 1970 ejusmodi
1610 1884 1975 1950 cautionem
2017 1884 2324 1974 amplius,
2364 1907 2553 1971 quam
2596 1886 2841 1949 hucus-

441 2009 566 2074 que
617 1987 857 2050 factum
903 1984 1002 2067 sit,
1046 1982 1416 2049 adhibendi.

594 2085 816 2151 XVII.
913 2083 1170 2150 Summi
1227 2105 1349 2172 per
1406 2083 1746 2150 Austriam
1800 2086 2205 2174 Imperantes
2251 2087 2403 2171 jure
2463 2093 2844 2174 patronatus

435 2208 712 2252 coronae
756 2187 865 2250 vel
905 2183 1255 2250 fundorum
1295 2184 1703 2272 publicorum
1742 2187 2005 2252 nomine
2050 2186 2420 2252 exercendo
2472 2194 2843 2251 constanter

432 2288 522 2353 ita
564 2288 664 2352 usi
711 2295 894 2369 sunt,
953 2295 1028 2351 ut
1069 2307 1259 2370 curae
1302 2285 1659 2349 animarum
1704 2286 2027 2350 efficacius
2075 2286 2407 2372 gerendae
2448 2286 2840 2351 benevolam

439 2412 655 2454 curam
701 2387 1035 2471 haberent,
1079 2397 1144 2452 et
1185 2387 1489 2471 Majestas
1535 2383 1711 2469 Sua,
1788 2409 1951 2472 quae
1992 2387 2113 2452 hac
2154 2387 2236 2451 de
2279 2409 2351 2452 re
2392 2389 2473 2452 ab
2516 2387 2837 2452 Anteces-

436 2489 688 2555 soribus
733 2487 892 2574 Ejus
939 2488 1282 2553 constituta
1323 2495 1519 2569 sunt,
1582 2511 1703 2575 pro
1746 2486 1984 2576 pietate
2048 2497 2113 2552 et
2154 2487 2467 2576 sapientia
2508 2485 2643 2553 Sua
2683 2509 2835 2574 pro-

437 2589 578 2677 prio
627 2598 802 2654 moto
846 2588 1267 2653 confirmavit.
1321 2588 1644 2652 Voluntas
1688 2587 1845 2674 Ejus
1892 2596 2008 2670 est,
2048 2597 2120 2651 ut
2156 2588 2319 2653 haee
2358 2588 2586 2652 eadem
2628 2588 2832 2674 impo-

435 2697 680 2753 sterum
742 2710 999 2773 quoque
1061 2688 1238 2751 salva
1303 2687 1729 2752 conventione
1792 2687 2061 2752 articulo
2105 2686 2370 2752 XXVto
2432 2687 2589 2751 inita
2650 2687 2837 2750 firma

437 2796 773 2868 maneant3
819 2786 1060 2874 quippe
1107 2785 1456 2870 desiderat,
1497 2796 1573 2853 ut
1614 2788 1695 2852 ad
1740 2787 2173 2874 parochialem
2216 2787 2569 2852 animarum
2616 2810 2832 2850 curam

440 2886 720 2972 optimus
766 2886 1037 2970 quisque
1085 2885 1477 2973 deputetur3
1522 2897 1587 2952 et
1631 2890 1837 2974 probe
1881 2887 2028 2969 scit,
2096 2887 2315 2973 quanti
2362 2887 2431 2951 in
2477 2885 2834 2972 seligendis

437 2985 874 3050 sacerdotibus
925 2985 1155 3050 ceteris
1195 2985 1597 3073 dignioribus
1626 2988 1952 3061 Antistitis
1996 2988 2360 3054 dioecesani
2386 2987 2703 3073 judicium
2744 2989 2829 3052 fa-

439 3085 738 3151 ciendum
785 3086 884 3152 sit.

599 3185 855 3252 XVIII.
944 3187 1017 3254 Si
1065 3189 1282 3254 forsan
1329 3189 1612 3271 eveniat,
1659 3199 1732 3254 ut
1774 3191 2134 3279 corporatio
2179 3189 2497 3276 quaedam
2538 3188 2827 3253 ecclesia-

443 3285 598 3349 stica
648 3287 941 3371 legitime
989 3291 1463 3376 supprimatur,
1531 3291 1881 3373 beneficia,
1946 3292 2029 3355 ad
2087 3314 2250 3377 quae
2293 3299 2830 3379 praesentaverat,

436 3386 678 3451 liberae
725 3387 1047 3452 collationi
1089 3390 1438 3478 episcopali
1482 3391 1877 3475 reddentur,
1943 3393 2011 3457 in
2054 3402 2361 3477 quantum
2403 3391 2473 3455 id
2522 3413 2829 3457 canonum

438 3486 794 3552 sanctiones
836 3489 1301 3574 praescribunt.

606 3586 793 3652 XIX.
878 3587 1182 3674 Majestas
1228 3587 1364 3656 Sua
1404 3592 1781 3658 nullomodo
1848 3594 2173 3658 obstacula
2231 3615 2478 3681 ponere
2540 3591 2826 3675 intendit,

441 3686 598 3772 quin
651 3685 1228 3754 Confraternitates
1275 3691 1408 3755 sive
1440 3690 1853 3777 Sodalitates,
1901 3695 2121 3778 quales
2166 3693 2459 3758 Ecclesia
2502 3695 2729 3781 probat
2763 3700 2829 3753 et

441 3789 880 3870 commendat,
952 3788 1415 3855 constituantur
1457 3800 1523 3854 et
1564 3793 1821 3879 pietatis
1868 3794 2170 3881 operibus
2216 3793 2411 3858 unitis
2455 3793 2695 3858 viribus
2734 3790 2824 3852 in-

442 3891 761 3955 cumbant.
821 3889 1132 3954 Attamen
1177 3889 1693 3977 praecavendum
1739 3901 1837 3956 est
1876 3892 2254 3979 periculum,
2296 3915 2381 3957 ne
2428 3893 2823 3958 sodalitatum

437 3990 692 4078 piarum
731 3989 916 4053 titulo
961 3986 1326 4052 molitiones
1380 3990 1767 4076 obtegantur
1810 3992 1879 4055 in
1918 3991 2189 4057 civitatis
2239 3991 2355 4056 sed
2398 4000 2465 4056 et
2504 3989 2820 4057 Ecclesiae

439 4089 793 4178 perniciem
839 4097 1186 4154 vertentes.
1228 4089 1455 4174 Itaque
1502 4090 1827 4155 cautiones
1860 4093 2171 4175 quasdam
2212 4091 2527 4158 adhibere
2568 4109 2821 4158 necesse

443 4197 569 4270 est;
615 4189 834 4274 magni
879 4198 1097 4254 tamen
1117 4187 1425 4278 Episcopi
1473 4191 1837 4257 dioecesani
1880 4193 1963 4258 <le
1984 4192 2345 4260 Sodalitate
2388 4192 2661 4279 quadam
2682 4211 2820 4256 con-

439 4289 764 4354 stituenda
795 4289 1116 4374 judicium
1161 4291 1292 4368 fiet.

607 4388 760 4454 XX.
846 4391 1344 4480 Archiepiseopi
1389 4400 1456 4456 et
1494 4391 1802 4482 Episcopi
1848 4394 2111 4459 minime
2156 4392 2633 4482 impedientur,
2674 4387 2820 4474 quin

442 4486 510 4548 in
547 4485 856 4552 institutis
902 4490 1036 4574 piis·
1072 4513 1182 4572 ea,
1249 4512 1414 4574 quae
1455 4491 1847 4574 religionem
1906 4503 1973 4558 et
2008 4495 2178 4560 vitae
2226 4493 2627 4560 Christianae
2664 4490 2821 4554 inte-
