2959 4984
391 274 551 327 va.
627 270 1111 327 CONCORDATA
1155 270 1857 325 WIRTEMBERGENSIA
1894 274 1957 327 A..
1994 272 2152 329 1857.
2385 272 2492 331 36⁷

301 449 484 527 parte
523 441 702 523 nihil,
753 438 878 505 nisi
921 448 1109 504 antea
1155 437 1404 504 collatis
1447 461 1595 505 cum
1629 439 1957 528 Episcopo
2006 440 2311 525 consiliis,
2352 465 2489 511 mu-

301 542 478 607 tabit.

197 642 253 727 c)
295 642 653 731 Episcopus
708 642 1148 707 institutorum
1191 640 1577 706 eorumdem
1615 639 1925 706 Rectores
1984 651 2049 707 et
2087 644 2497 732 Repetitores

301 742 654 830 deputabit,
687 764 928 826 eosque
959 742 1359 807 removebit:
1405 762 1567 825 quos
1599 749 1815 806 tamen
1840 743 2149 827 gravibus
2182 743 2264 807 de
2292 744 2501 809 causis

295 842 598 927 factoque
663 840 1086 907 innitentibus
1151 842 1318 906 circa
1369 862 1476 906 res
1538 841 1759 907 civiles
1817 851 1883 907 et
1934 843 2228 930 politicas
2286 844 2501 930 Regio

300 940 637 1009 Gubernio
685 942 898 1007 minus
939 950 1236 1030 acceptos
1282 962 1426 1005 esse
1471 942 1839 1025 resciverit,
1900 964 2229 1028 nunquam
2271 943 2493 1030 eliget.

296 1042 464 1107 Item
509 1064 671 1127 quos
713 1050 940 1128 postea
976 1044 1058 1107 ob
1099 1040 1363 1106 easdem
1401 1063 1625 1106 causas
1665 1042 1957 1128 ingratos
1986 1042 2322 1109 Gubernio
2354 1064 2500 1107 eva-

303 1142 465 1207 sisse
505 1141 913 1230 compererit,
962 1140 1260 1206 dimittet.

205 1242 268 1326 d)
311 1242 639 1331 Episcopo
681 1242 1007 1329 competit,
1051 1242 1282 1307 eadem
1323 1240 1613 1306 instituta
1652 1240 1930 1324 visitare,
1976 1242 2315 1329 delegatos
2352 1264 2501 1309 suos

309 1342 390 1407 ad
429 1342 726 1408 examina
771 1342 1028 1431 publica
1048 1391 1069 1425 ,
1141 1341 1526 1429 praesertim
1577 1364 1701 1430 pro
1763 1342 2155 1430 recipiendis
2207 1343 2502 1426 alumnis,

303 1442 583 1526 mittere,
626 1442 977 1509 relationes
1017 1442 1384 1529 periodicas
1429 1442 1721 1528 exigere.

204 1541 262 1625 e)
307 1542 674 1632 Prospiciet
710 1543 993 1629 Regium
1037 1541 1444 1609 Gubernium
1463 1590 1485 1625 ,
1552 1551 1627 1607 ut
1665 1543 1737 1607 in
1784 1540 2194 1628 Gymnasiis,
2238 1543 2499 1629 quibus·

301 1665 448 1708 cum
487 1642 809 1728 conjuncti
845 1652 997 1708 sunt
1042 1643 1372 1707 convictus
1409 1642 1753 1709 inferiores
1772 1691 1793 1728 ,
1837 1643 2147 1731 paulatim
2192 1665 2325 1709 non
2366 1643 2496 1728 alii,

297 1741 419 1807 nisi
460 1765 548 1807 ex
594 1742 1000 1809 Clericorum
1041 1742 1290 1826 ordine,
1330 1742 1747 1808 Professores
1787 1741 2217 1809 instituantur.

278 1841 420 1908 Art.
461 1843 586 1909 IX.
667 1842 964 1909 Facultas
1003 1842 1372 1929 theologica
1419 1842 1733 1908 catholica
1766 1841 2221 1911 Universitatis
2251 1844 2501 1929 Regiae

133 1941 322 2024 quoad
377 1965 614 2007 munus
676 1942 954 2008 docendi
1003 1943 1509 2008 ecclesiasticum
1545 1944 1855 2033 Episcopi
1912 1945 2218 2031 regimini
2276 1954 2345 2011 et
2400 1945 2497 2009 in-

130 2042 414 2129 spectioni
461 2043 702 2109 subest.
744 2041 973 2108 Potest
997 2041 1290 2131 'proinde
1322 2042 1685 2133 Episcopus
1729 2044 2219 2111 Professoribus
2262 2052 2328 2109 et
2364 2044 2502 2113 Ma-

127 2139 324 2223 gistris
367 2141 650 2208 docendi
695 2144 1141 2209 auctoritatem
1193 2152 1258 2209 et
1297 2144 1674 2211 missionem
1718 2146 2025 2228 tribuere,
2075 2144 2501 2229 eamdemque

132 2260 304 2324 quum
345 2243 414 2308 id
459 2252 898 2358 opportunum
939 2244 1296 2329 censuerit,
1351 2266 1682 2327 revocare,
1730 2246 1809 2310 ab
1852 2245 2009 2333 ipsis
2048 2244 2206 2309 fidei
2249 2245 2500 2333 profes-

129 2338 350 2407 sionem
403 2342 717 2429 exigere,
784 2364 1143 2429 eorumque
1205 2344 1444 2433 scripta
1508 2352 1574 2409 et
1628 2344 2012 2434 compendia
2052 2367 2169 2410 suo
2214 2343 2497 2409 examini

134 2440 442 2527 subjicere.

275 2543 417 2608 Art.
460 2542 550 2608 X.
631 2543 818 2609 Bona
857 2543 1238 2631 temporalia
1257 2592 1278 2627 ,
1347 2563 1514 2627 quae
1551 2543 1847 2609 Ecclesia
1886 2542 2150 2632 propria
2190 2540 2505 2631 possidet,

133 2639 224 2703 vel
252 2641 690 2732 inposterum
729 2644 1036 2729 acquiret,
1081 2664 1342 2732 semper
1383 2651 1450 2709 et
1477 2644 1735 2731 integre
1770 2645 2337 2725 conservabuntur,
2378 2663 2501 2707 nec

138 2738 256 2806 sine
292 2743 632 2831 potestatis
673 2743 1142 2809 ecclesiasticae
1183 2743 1373 2809 venia
1410 2743 1679 2809 distrahi
1717 2753 1785 2810 et
1814 2743 2099 2827 alienari,
2142 2752 2253 2807 aut
2276 2763 2505 2809 corum

137 2838 354 2908 fructus
398 2843 470 2909 in
511 2843 670 2909 alios
709 2866 864 2909 usus
903 2844 1191 2908 converti
1219 2853 1569 2931 poterunt3
1621 2843 1925 2910 oneribus
1966 2854 2185 2909 tamen
2226 2843 2503 2932 publicis

135 2948 190 3003 ct
218 2944 634 3031 vectigalibus
657 2992 678 3027 ,
721 2965 844 3009 nec
883 2965 1016 3009 non
1057 2942 1198 3008 aliis
1241 2944 1502 3029 legibus
1545 2943 1763 3031 Regni
1810 2944 2247 3031 generalibus,
2289 2964 2496 3029 aeque

137 3062 199 3104 ac
233 3053 478 3111 ceterae
524 3043 974 3133 proprietateS,
1021 3046 1352 3110 suberunt.

277 3143 452 3211 Bona
499 3144 928 3209 ecclesiastica
962 3145 1224 3210 nomine
1247 3144 1581 3209 Ecclesiae
1616 3148 1735 3211 sub
1752 3142 2057 3233 Episcopi
2088 3142 2491 3231 inspectione

135 3241 202 3306 ab
237 3242 310 3308 iis
347 3245 962 3310 administrabuntur
981 3292 1001 3327 ,
1044 3245 1274 3331 quibus
1313 3245 1474 3310 haec
1521 3244 1987 3309 administratio
2033 3252 2145 3307 aut
2184 3263 2501 3308 canonum

144 3338 557 3431 dispositione,
600 3354 711 3411 aut
756 3366 842 3411 ex
877 3346 1364 3429 consuetudine,
1407 3354 1521 3411 aut
1568 3367 1654 3412 ex
1691 3343 2039 3434 privilegio
2088 3352 2154 3408 et
2192 3341 2495 3409 constitu-

143 3438 296 3508 tione
335 3446 550 3531 aliqua
589 3445 717 3511 loci
761 3445 1055 3533 legitime
1081 3445 1428 3534 competit,
1412 3471 1427 3486 ·
1476 3467 1702 3511 omnes
1728 3466 1885 3511 vero
1932 3444 2505 3525 administratoreS,

147 3541 367 3610 etiamsi
425 3548 510 3611 ob
573 3545 839 3611 eosdem
897 3545 1121 3611 titulos
1163 3547 1304 3611 aliis
1347 3545 1917 3613 administrationis
1958 3545 2121 3609 ratio
2163 3541 2504 3608 reddenda

139 3638 226 3722 sit,
264 3664 396 3710 eam
434 3645 682 3733 pariter
723 3646 1048 3712 ordinario
1089 3646 1309 3731 ejusve
1347 3646 1696 3734 Deputatis
1742 3646 2025 3713 reddere
2070 3641 2345 3729 singulis
2388 3663 2498 3705 an·

143 3739 226 3805 nis
265 3752 613 3811 teneantur.

287 3844 570 3915 Proinde
603 3845 842 3914 Sancta
885 3844 1120 3928 Sedes,
1153 3846 1457 3933 spectatis
1495 3847 1929 3934 peculiaribus
1982 3866 2203 3912 rerum
2236 3842 2504 3908 circum-

145 3946 381 4029 stantiis,
421 3947 756 4030 consentit,
800 3956 874 4011 ut
909 3945 1310 4032 singularum
1346 3946 1764 4011 ecclesiarum
1793 3946 2077 4011 fabricae
2119 3952 2505 4028 ceteraeque

150 4044 590 4113 ecclesiasticae
659 4048 974 4163 cujusque
1042 4046 1170 4111 loci
1232 4046 1645 4112 fundationes
1712 4046 1973 4111 nomine
2024 4043 2356 4110 Ecclesiae
2426 4064 2505 4109 eo

145 4143 333 4228 modo,
375 4149 482 4233 qui
510 4148 646 4233 jam
679 4148 750 4213 in
779 4148 1012 4233 Regno
1047 4157 1348 4236 receptus
1398 4158 1516 4231 est,
1560 4146 2108 4227 administrentur,
2152 4143 2505 4209 dummodo

145 4236 389 4310 Parochi
447 4256 512 4313 et
550 4247 801 4313 Decani
855 4247 1106 4313 rurales
1167 4270 1402 4314 munus
1426 4298 1446 4332 ,
1518 4247 1695 4333 quod
1734 4247 1859 4312 hac
1901 4245 1971 4309 in
2012 4252 2196 4333 parte
2246 4250 2505 4327 gerunt,

147 4334 422 4433 Episcopi
459 4347 833 4413 auctoritate
877 4356 1243 4415 exerceant.
1285 4349 1394 4414 De
1435 4346 1703 4437 speciali
1744 4345 1937 4431 hujus
1978 4344 2077 4411 rei
2120 4341 2505 4413 executione

146 4436 396 4527 Regium
440 4446 847 4517 Gubernium
891 4471 1036 4517 cum
1077 4448 1406 4539 Episcopo
1455 4446 1817 4517 conveniet.
