2959 4984
585 333 682 388 ΠΙ.
754 333 1130 392 MAROULFI
1163 333 1573 392 FORMULAE
1615 338 2017 395 SELEGTAE;
2488 349 2524 402 5

142 527 271 568 rum
308 504 754 592 promittantur
813 503 999 568 nobis
1065 503 1350 568 thesauri
1395 506 1585 592 regni
1649 508 2001 573 coelorum.
2086 509 2519 578 Procuremus

144 605 340 690 igitur,
380 605 539 670 sicut
581 603 906 668 Dominus
955 611 1020 668 et
1061 604 1340 668 salvator
1385 615 1608 671 noster
1651 608 1986 696 praecepit
2006 657 2026 692 ,
2074 619 2141 675 et
2178 633 2252 676 ac
2290 612 2345 676 si
2388 635 2519 680 non

142 713 421 789 quantum
474 725 740 769 avemus
761 753 780 786 ,
845 703 1056 768 saltim
1113 704 1182 767 in
1225 713 1531 788 quantum
1584 729 1965 795 possumus,
2034 709 2518 798 eleemosynam

139 805 439 870 faciamus.
522 803 737 870 Nemo
777 803 995 888 itaque
1039 803 1321 887 dubitet,
1365 826 1559 870 nemo
1608 806 1859 872 tardet:
1918 809 2068 892 quia
2108 809 2162 873 si
2204 831 2323 876 nos
2364 812 2516 878 faci-

139 929 266 970 mus
309 927 467 992 quae
509 903 834 970 Dominus
901 911 967 968 et
1016 903 1295 968 salvator
1339 914 1563 970 noster
1606 907 1945 994 praecepit
1979 908 2091 972 ille
2137 910 2275 975 sine
2320 911 2517 980 dubio

136 1005 392 1068 facturus
451 1013 552 1069 est
610 1026 775 1088 quae
845 1004 1162 1090 promisit.
1257 1003 1374 1068 Ait
1432 1006 1605 1070 enim
1663 1003 2043 1096 Scriptura:
2115 1010 2519 1079 Abscondite

139 1105 577 1190 eleemosynam
619 1107 687 1168 in
729 1104 926 1170 corde
951 1107 1290 1190 pauperis,
1333 1107 1402 1168 in
1447 1106 1599 1190 {psa
1630 1129 1762 1192 pro
1803 1121 1861 1172 te
1894 1107 2348 1194 deprecabitur
2380 1111 2515 1179 Do-

137 1208 310 1268 mino.
399 1205 899 1270 Abscondamus
961 1225 1123 1288 ergo
1172 1205 1655 1290 eleemosynam
1713 1205 1781 1270 in
1824 1207 2021 1272 corde
2078 1212 2405 1299 pauperiS,
2445 1224 2518 1278 ut

137 1307 455 1393 proveniat
511 1307 699 1370 nobis
754 1306 1124 1394 deprecatio
1185 1329 1549 1395 pauperum
1610 1309 1679 1372 in
1716 1309 2164 1375 remissionem
2220 1323 2514 1400 peccato-

139 1429 286 1471 rum.
325 1406 528 1470 Multa
572 1406 836 1491 quidem
868 1415 934 1470 et
971 1407 1097 1470 alia
1131 1429 1296 1492 quae
1324 1407 1621 1474 latiniosa
1662 1418 1811 1474 sunt
1846 1411 2153 1498 prosequi
2190 1433 2311 1499 pro
2342 1412 2512 1479 elee-

138 1507 398 1592 mosynis
440 1505 753 1571 faciendis
799 1506 1167 1596 testimonia
1205 1507 1275 1571 in
1299 1504 1654 1596 Seriptmis
1701 1511 1933 1574 sanctis
1975 1511 2371 1598 reperimus;
2416 1514 2511 1577 in-

137 1619 222 1673 ter
261 1609 481 1695 quibus
521 1609 630 1674 vel
673 1630 756 1672 ex
803 1609 1034 1693 quibus
1093 1609 1274 1674 illam
1339 1631 1464 1695 ego
1513 1609 1812 1675 existimo
1874 1612 2194 1698 potiorem
2254 1621 2510 1677 senten-

137 1709 272 1774 tiam
311 1731 468 1795 quae
509 1711 628 1774 ait:
695 1707 886 1774 Siout
929 1733 1102 1798 aqua
1142 1713 1464 1798 extinquit
1510 1713 1723 1798 iqnem
1742 1756 1764 1790 ,
1822 1713 1917 1793 sio
1962 1711 2363 1798 eleemosyna
2406 1737 2515 1778 ex-

143 1813 350 1899 tinqait
389 1823 746 1897 peccatum.
863 1810 1041 1894 Quid
1094 1831 1255 1898 ergo
1297 1811 1515 1876 verius
1563 1820 1782 1899 potest
1822 1811 2042 1895 credi,
2111 1812 2267 1898 quid
2315 1813 2511 1878 confi-

143 1910 391 1993 dentius,
439 1911 680 1997 quidve
727 1911 1119 1998 expressius,
1169 1911 1318 1996 quia
1362 1911 1527 1976 sicut
1568 1933 1733 1997 aqua
1772 1912 2097 1998 extinguit
2131 1913 2375 1998 ignem,
2420 1911 2512 1977 sic

144 2011 528 2099 eleemosyna
571 2010 899 2098 extinguit
922 2011 1308 2098 peceatum?
1351 2011 1533 2077 Iuste
1580 2033 1739 2098 ergo
1775 2011 2177 2098 extinguitur
2210 2013 2318 2098 qui
2360 2033 2510 2100 pec-

151 2121 407 2178 catorum
447 2111 750 2178 incendia
790 2110 1226 2198 eleemosynis
1270 2109 1449 2176 iuxta
1498 2111 2029 2200 pollicitationem
2076 2112 2357 2179 divinam
2401 2133 2512 2178 ex-

143 2213 408 2298 tinguere
467 2234 601 2278 non
645 2211 924 2276 festinat.
1017 2211 1282 2276 Faciant
1337 2211 1579 2300 quippe
1638 2213 1874 2276 caeteri
1937 2212 2109 2298 quod
2163 2213 2508 2281 voluerint,

139 2323 304 2398 agant
344 2315 518 2399 quod
557 2312 684 2399 ipsi
732 2311 1114 2394 maluerint,
1175 2311 1419 2376 idcirco
1465 2313 1615 2396 quia
1658 2313 1865 2377 omnis
1900 2311 2095 2378 homo
2149 2335 2266 2378 suo
2310 2333 2505 2378 sensu

142 2412 403 2496 ducitur3
449 2435 576 2500 ego
623 2421 839 2478 tamen
883 2412 1074 2477 huius
1114 2413 1212 2476 rei
1255 2413 1628 2502 exemplum
1676 2421 1931 2478 secutus
1976 2413 2153 2498 elegi
2196 2412 2279 2477 ad
2320 2434 2506 2501 prae-

139 2514 250 2577 fato
289 2515 564 2580 oratorio
605 2513 714 2577 vel
759 2511 1013 2595 cellula,
1053 2511 1234 2577 iuxta
1260 2513 1733 2602 Apostolorum
1774 2534 2118 2577 numerum
2164 2511 2508 2576 duodecim

135 2613 203 2676 ad
239 2635 536 2702 praesens
577 2637 957 2703 pauperum,
1001 2637 1120 2703 pro
1166 2614 1550 2680 remissione
1591 2623 2005 2704 peccatorum
2044 2635 2356 2696 meorum,
2398 2614 2509 2677 vel

135 2737 232 2800 pro
276 2715 581 2781 diluenda
625 2737 918 2780 meorum
961 2715 1134 2779 mole
1175 2714 1640 2802 peccaminum,
1696 2713 1956 2781 Christo
2006 2713 2308 2805 praesule
2355 2735 2503 2776 con-

135 2813 360 2897 locare3
430 2815 564 2881 ubi·
615 2815 806 2879 etiam
868 2836 989 2902 per
1046 2823 1457 2902 praesentem
1520 2815 1857 2902 epistolam
1918 2812 2279 2878 donationis
2322 2832 2506 2876 meae

137 2913 282 2978 dono
329 2916 409 2981 ad
447 2924 794 3004 praesente
849 2915 956 2979 die
1016 2915 1191 3001 quod
1246 2915 1314 2980 in
1355 2915 1778 2980 luminaribus
1836 2914 2038 3001 ipsius
2096 2912 2355 2978 oratorii
2394 2912 2505 2977 vel

137 3012 192 3076 in
227 3016 516 3082 alimonia
557 3025 624 3079 et
667 3015 1066 3080 substantiali
1111 3015 1305 3096 victu,
1345 3015 1582 3079 vestitu
1635 3035 1891 3100 quoque
1935 3022 2002 3078 et
2041 3013 2503 3078 sustentatione

133 3113 386 3200 ipsorum
454 3139 818 3205 pauperum
874 3117 984 3180 vel
1051 3113 1455 3181 Clericorum
1512 3115 1754 3180 ibidem
1821 3114 2239 3180 servientium
2266 3164 2285 3197 ,
2354 3115 2503 3179 Deo

133 3215 507 3298 gubernante
551 3224 619 3282 et
663 3217 1053 3305 opitulante,
1116 3215 1415 3304 proficiat
1439 3264 1458 3296 ,
1530 3215 1965 3300 donatumque
2005 3215 2072 3279 in
2111 3221 2502 3303 perpetuum

132 3335 251 3378 esse
289 3317 456 3400 volo,
500 3325 693 3402 atque
741 3317 822 3381 de
859 3338 1004 3381 meo
1047 3317 1189 3380 iure
1231 3316 1298 3380 in
1342 3337 1567 3380 eorum
1597 3314 2033 3380 dominatione
2074 3324 2139 3379 et
2178 3323 2498 3402 potestate

129 3412 278 3500 leg0,
325 3417 530 3500 trado,
577 3418 960 3500 transmitte,
999 3423 1192 3501 atque
1237 3415 1637 3499 transfundo,
1682 3416 1809 3480 hoc
1844 3424 1959 3498 est,
1992 3437 2186 3502 agros
2225 3437 2499 3502 quorum

129 3517 407 3582 vocabula
453 3526 605 3582 sunt
641 3516 754 3581 illa
798 3525 863 3582 et
900 3517 1046 3598 illa,
1109 3537 1271 3601 quae
1315 3524 1646 3605 ponuntur
1683 3516 1752 3580 in
1794 3515 2121 3580 territorio
2164 3515 2315 3597 illo,
2359 3517 2501 3604 pari

129 3614 328 3698 modo,
395 3625 460 3680 et
505 3615 812 3702 quicquid
852 3615 920 3680 in
961 3616 1075 3680 illo
1125 3615 1448 3680 territorio
1493 3614 1797 3703 ponitur,
1842 3615 1911 3679 in
1956 3615 2129 3680 omni
2172 3615 2497 3680 soliditate

127 3714 390 3796 portione
434 3737 613 3798 mea,
655 3739 783 3780 una
827 3739 972 3780 cum
1015 3713 1384 3804 mancipiis,
1431 3713 1781 3798 aedificiis,
1822 3715 2048 3798 vineis,
2091 3717 2302 3796 terrie,
2348 3737 2493 3803 pra-

133 3811 228 3895 tis,
286 3815 491 3898 silvis,
557 3816 860 3901 omnique
904 3816 1044 3880 iure
1108 3835 1332 3880 eorum
1354 3865 1373 3899 ,
1445 3837 1575 3880 una
1614 3837 1759 3879 cum
1817 3814 2122 3880 colonicis
2162 3815 2497 3900 adiunctis,

139 3911 474 3981 adiacentiis
519 3937 759 4000 earum,
805 3916 873 3980 in
918 3916 1091 3981 omni
1135 3915 1457 3981 soliditate
1504 3937 1743 3997 earum,
1789 3915 1954 3980 sicut
1993 3939 2030 3980 a
2067 3937 2173 3980 me
2214 3915 2499 3981 noscitur

137 4011 302 4078 fuisse
343 4037 758 4103 possessum,
829 4025 938 4080 aut
977 4015 1134 4080 mihi
1195 4038 1282 4080 ex
1337 4015 1631 4102 legitima
1688 4015 2094 4080 successione
2137 4023 2248 4079 aut
2290 4015 2495 4080 unde-

139 4133 354 4198 cunque
409 4115 653 4202 aliquid
701 4117 858 4182 mihi
891 4117 1146 4182 »ibidem
1209 4117 1507 4199 obvenit,
1583 4137 1728 4180 cum
1787 4115 1960 4180 omni
2020 4113 2344 4178 soliditate
2388 4113 2497 4179 vel

137 4217 578 4298 opportunitate
619 4237 839 4280 earum
880 4214 960 4279 ad
999 4215 1374 4301 integrum3
1421 4237 1497 4294 ea
1527 4213 1773 4280 scilicet
1794 4214 2040 4278 ratione
2084 4221 2274 4297 atque
2308 4235 2495 4301 prae·

139 4319 288 4379 texto
351 4327 422 4382 ut
460 4326 711 4382 remota
768 4316 1156 4381 Pontificum
1216 4316 1535 4400 simulque
1586 4313 2163 4380 ecclesiasticorum
2206 4313 2492 4378 omnium

143 4409 465 4481 officialium
509 4439 626 4483 seu
668 4418 1074 4505 publicorum
1107 4417 1392 4483 omnium
1435 4425 1755 4505 potestate
1777 4465 1797 4498 ,
1866 4415 2078 4481 nullas
2123 4415 2486 4479 functiones

141 4510 226 4575 vel
249 4516 620 4602 exactiones,
665 4539 878 4603 neque
921 4517 1240 4603 exquisita
1282 4527 1350 4584 et
1386 4518 1560 4582 lauta
1606 4516 1915 4598 convivia,
1954 4534 2169 4600 neque
2199 4513 2483 4598 gratiosa
