2959 4984
699 219 948 271 Lxxxx.
1019 218 1364 273 REGULAE
1401 216 1965 274 GANOELLARIAE.
2448 215 2555 275 503

126 404 238 448 seu
285 402 536 451 eorum
575 402 964 465 mensarum,
1009 382 1206 447 etiam
1241 390 1587 473 perpetuo,
1628 382 1828 449 etiam
1868 383 1939 449 in
1970 384 2108 451 vim
2150 394 2547 469 contractus,

127 492 190 547 et
231 505 322 549 ex
370 482 572 547 titulo
612 502 890 547 oneroso
909 529 929 562 ,
977 490 1042 545 et
1088 483 1207 549 sub
1251 482 1476 567 quavis
1518 482 1647 549 alia
1686 485 2038 561 verborum
2080 485 2312 569 forma,
2356 507 2547 571 quam

135 592 200 647 et
252 582 780 671 praemissorum
827 590 1054 651 tenore
1092 605 1214 670 pro
1257 603 1569 669 expressa
1610 582 1840 647 haberi
1888 584 2130 670 voluit,
2186 608 2554 669 concessae,

130 695 196 749 et
237 685 480 767 factaS,
529 680 741 769 quoad
785 682 1026 769 officia,
1073 704 1240 767 quae
1279 692 1428 771 post
1469 683 1787 751 dictorum
1828 686 2413 773 praedecessorum
2456 688 2553 755 fu-

137 807 252 851 nus
297 792 652 868 vacarunt,
697 794 764 848 et
805 782 874 847 in
917 792 1252 871 posterum
1291 783 1783 869 quomodolibet
1826 786 2169 852 vacabunt.
2240 789 2411 855 Item
2453 812 2553 856 re-

135 888 396 951 vocavit
437 905 726 971 quoque,
769 884 1062 966 cassavit,
1101 892 1168 947 et
1187 883 1565 969 annullavit,
1608 906 1689 948 ac
1726 883 1941 951 irritas
1980 884 2338 955 declaravit
2364 912 2551 977 quas—

133 1010 418 1073 cumque
449 987 955 1069 infeudationes,
993 986 1427 1068 investiuiraS,
1467 986 1737 1072 gratias,
1780 987 2233 1053 concessiones
2266 1012 2553 1076 quoquo-

133 1089 326 1155 modo
359 1089 570 1157 etiam
601 1088 675 1153 in
705 1086 1210 1174 emphyteusim,
1254 1085 1338 1151 ad
1367 1092 1645 1172 tempus,
1690 1106 1807 1151 seu
1832 1086 1903 1153 in
1933 1098 2323 1175 perpetuum
2354 1092 2551 1157 etiam

131 1198 310 1255 motu
371 1190 692 1277 proprio,
757 1196 824 1251 et
881 1186 966 1255 de
1008 1184 1414 1274 plenitudine
1457 1187 1797 1273 potestatis
1815 1234 1837 1269 ,
1904 1210 1981 1253 ac
2027 1210 2180 1253 cum.
2220 1190 2553 1275 quibusvis

141 1291 719 1377 derogatoriarum
757 1289 1188 1376 derogatoriis
1236 1288 1452 1375 (extra
1492 1298 1715 1355 tamen
1756 1288 2209 1355 consistorium
2228 1336 2249 1374 ,
2300 1299 2366 1355 et
2408 1290 2548 1357 sine

137 1388 206 1455 S.
243 1390 326 1457 R.
372 1390 462 1455 E.
509 1389 936 1456 cardinalium
977 1389 1286 1470 consili0,
1345 1398 1412 1452 et
1453 1388 1803 1473 consensu)
1844 1413 1883 1453 a
1928 1389 2035 1453 die
2078 1390 2551 1457 constitutionis

131 1490 238 1554 fel.
300 1490 499 1557 cord.
566 1490 668 1555 Pii
736 1489 869 1554 PP.
931 1490 1014 1554 V.
1081 1489 1607 1576 praedecessoris
1680 1489 1781 1553 sui
1850 1510 2049 1577 super
2113 1490 2551 1575 prohibitione

134 1589 476 1655 alienandi
499 1637 522 1672 ,
591 1599 660 1654 et
697 1588 1078 1655 infeudandi
1121 1589 1448 1670 civitates,
1514 1598 1581 1652 et
1622 1589 1771 1656 loca
1801 1588 1873 1653 S.
1918 1590 1995 1655 R.
2042 1589 2119 1654 E.
2168 1592 2287 1656 sub
2334 1590 2555 1660 datum

135 1688 386 1757 Romae
429 1689 610 1779 apud
641 1688 960 1757 Sanctum
983 1688 1254 1755 Petrum
1292 1710 1459 1753 anno
1486 1688 1959 1766 Incarnationis
1988 1688 2379 1755 Dominicae
2408 1690 2553 1755 mil·

135 1788 374 1855 lesimo
423 1789 954 1877 quingentesimo
999 1789 1413 1876 sexagesimo
1459 1798 1683 1871 sexto,
1728 1798 1959 1873 quarto
1998 1790 2261 1855 kalend.
2306 1791 2533 1879 aprilis

142 1888 570 1973 pontificatus
613 1890 714 1955 sui
761 1911 930 1956 anno
979 1889 1266 1957 secundo
1281 1938 1302 1971 ,
1348 1910 1557 1973 usque
1600 1889 1669 1953 in
1714 1898 2127 1977 praesentem
2173 1890 2348 1956 diem
2366 1942 2386 1977 ,
2428 1913 2551 1981 per

141 2008 594 2075 quoscumque
638 1990 964 2055 Romanos
1006 1988 1356 2055 Pontifices
1395 2010 1548 2081 suos
1590 1988 2167 2077 praedecessores,
2224 2000 2335 2057 aut
2376 2014 2553 2058 man-

141 2085 308 2170 dato,
351 2090 470 2155 vel
499 2088 884 2155 auctoritate
917 2109 1170 2171 eorum,
1206 2087 1839 2173 quomodocumque,
1880 2101 1947 2155 et
1974 2091 2551 2177 qualitercumque,

139 2196 202 2249 et
243 2188 484 2272 quovis
529 2190 750 2254 colore
789 2188 1029 2271 factas,
1079 2198 1145 2253 et
1187 2210 1533 2254 concessas
1576 2188 1659 2253 de
1707 2189 2109 2273 civitatibus,
2156 2201 2221 2256 et
2264 2192 2424 2256 locis
2474 2192 2545 2261 S.

141 2286 214 2351 R.
249 2287 363 2371 E„
436 2296 509 2357 et
547 2294 808 2354 sanctae
855 2286 1018 2353 Sodi
1059 2288 1491 2375 apostolicae,
1538 2298 1603 2353 et
1640 2296 1774 2353 tam
1820 2290 2141 2373 mediate,
2189 2312 2384 2375 quam
2427 2291 2544 2355 im·

141 2388 426 2455 mediate
469 2387 816 2474 subjectiS,
857 2398 1014 2453 tunc
1055 2388 1365 2453 videlicet
1411 2386 1493 2453 de
1538 2398 1837 2477 tempore
1878 2389 2200 2454 dictarum
2242 2390 2538 2456 infeuda-

142 2487 409 2573 tionum,
451 2489 1003 2569 investiturarum,
1047 2488 1426 2575 gratiarum,
1467 2498 1533 2553 et
1574 2489 2069 2555 concessionum
2104 2488 2395 2555 nondum
2438 2489 2549 2556 de-

149 2588 427 2675 volutis,
475 2610 730 2655 necnon
776 2608 1217 2673 quascumque
1257 2588 1753 2675 prorogationes
1772 2638 1793 2673 ,
1834 2596 1901 2653 et
1944 2588 2359 2654 extensiones
2402 2612 2553 2674 qua-

144 2708 572 2775 rumcumque
597 2687 1136 2771 infeudationum,
1182 2688 1733 2769 investiturarum,
1772 2688 2149 2774 gratiarum,
2184 2698 2249 2753 et
2284 2710 2546 2755 eonces-

146 2786 400 2855 sionum
447 2789 532 2854 de
572 2787 764 2853 dictis
811 2787 1218 2873 civitatibus,
1261 2788 1477 2873 terris,
1523 2788 1819 2877 oppidis,
1862 2788 2113 2873 castriS,
2154 2789 2436 2875 arcibus,
2484 2797 2549 2855 et

146 2883 324 2971 locis,
367 2900 528 2957 tunc
573 2888 885 2953 videlicet
931 2886 1014 2952 de
1051 2897 1348 2976 tempore
1381 2889 1705 2957 dictarum
1736 2890 2293 2978 prorogationum,
2340 2897 2407 2955 et
2438 2912 2550 2956 ex·

149 2988 516 3057 tensionum
554 2988 843 3053 nondum
893 2988 1222 3053 finitarum
1239 3038 1259 3073 ,
1327 2990 1662 3073 quibusvis
1706 2990 2003 3079 personis
2020 3039 2040 3073 ‚
2088 2991 2552 3077 cujuscumque

151 3088 426 3173 gradus,
470 3099 670 3155 status
685 3140 706 3173 ,
747 3088 1162 3173 conditioniS,
1207 3098 1272 3153 et
1318 3090 1853 3177 praeminentiae,
1909 3091 2160 3157 etiamsi
2204 3091 2552 3178 imperiali,

149 3188 353 3273 regali
368 3238 390 3271 ‚
453 3189 702 3271 ducali,
743 3196 856 3254 aut
893 3188 1024 3253 alia
1067 3188 1296 3273 quavis
1341 3190 1803 3277 praefulgeant
1846 3189 2201 3277 dignitate,
2248 3192 2442 3255 etiam
2482 3192 2553 3256 in

151 3285 277 3351 vim
321 3298 696 3357 contractus
717 3337 744 3372 7
797 3297 863 3353 et
904 3309 992 3353 ex
1037 3310 1448 3374 quocumque
1488 3289 1678 3355 titulo
1722 3289 1920 3353 etiam
1968 3310 2241 3357 oneroso
2262 3342 2283 3375 ,
2329 3300 2394 3356 et
2433 3310 2556 3380 per

153 3405 594 3476 quascumque
635 3398 770 3454 tam
813 3390 932 3454 sub
974 3389 1264 3477 plumbo,
1309 3410 1502 3474 quam
1545 3388 1614 3453 in
1654 3388 1865 3454 forma
1886 3389 2121 3453 Brevis
2168 3390 2287 3456 sub
2314 3393 2552 3457 annulo

155 3484 528 3572 piscatoris,
589 3499 700 3554 aut
743 3489 942 3555 etiam
989 3488 1146 3555 alias
1191 3488 1859 3574 quomodocumque„
1882 3497 1949 3551 et
1994 3489 2555 3577 qualitercumque

161 3589 502 3675 expeditas
543 3590 786 3673 literas,
829 3610 906 3653 ae
949 3589 1068 3655 sub
1108 3588 1334 3673 quavis
1375 3589 1726 3654 verborum
1766 3589 1995 3670 forma,
2040 3610 2233 3673 quam
2276 3598 2343 3653 et
2368 3612 2552 3678 prae-

157 3684 522 3755 missorum·
557 3688 846 3755 omnium
903 3698 1130 3755 tenore
1152 3740 1173 3772 ,
1235 3689 1561 3757 Sanctitas
1605 3685 1741 3755 Sua
1785 3710 1905 3775 pro
1955 3689 2285 3777 expressis
2324 3690 2554 3755 haberi

159 3785 360 3853 voluit
407 3788 722 3855 latissime
767 3786 1240 3855 extendendos.
1480 3870 1485 3874 .

318 3890 385 3969 θ.
421 3888 526 3956 65.
608 3887 798 3971 Item,
841 3910 992 3953 eum
1031 3888 1330 3953 nonnulli
1372 3886 1440 3951 in
1486 3887 2043 3975 impetrationibus
2081 3889 2551 3957 beneficiorum

167 3985 749 4053 ecclesiasticorum
807 4011 928 4077 pro
982 3998 1280 4077 tempore
1325 3987 1696 4052 vacantium
1715 4038 1733 4070 ,
1803 3996 1869 4051 et
1910 3995 2087 4054 certo
2132 3987 2329 4053 modo
2368 4010 2555 4053 vaca-

163 4089 468 4173 turorum,
508 4088 858 4155 asserendo
900 4089 1166 4155 illorum
1207 4088 1454 4153 fructus
1499 4096 1621 4152 etc.
1670 4096 1921 4152 eertum
1964 4108 2084 4176 per
2128 4107 2239 4152 eos
2282 4108 2551 4175 expres-⁴

167 4204 302 4251 sum
359 4210 645 4254 annuum
685 4189 980 4253 valorem
1021 4209 1153 4253 non
1199 4186 1523 4253 excedere
1546 4238 1565 4271 ,
1626 4208 2089 4273 nonnunquam
2134 4188 2468 4253 obtineant
2512 4210 2553 4253 a

168 4278 516 4355 Sanctitate
561 4286 736 4373 Sua,
793 4298 868 4353 ut
907 4288 1283 4373 hujusmodi
1326 4288 1619 4353 valorem
1664 4308 1952 4353 annuum
1994 4309 2239 4375 augere
2280 4288 2550 4376 possint,

169 4392 240 4447 ut
275 4390 494 4457 verius
536 4388 743 4479 possit
781 4389 854 4453 in
891 4388 1300 4455 confectione
1338 4388 1679 4455 literarum
1696 4434 1719 4471 ,
1784 4410 1904 4477 sup
1912 4410 1983 4455 er
2020 4386 2392 4475 hujusmodi
2435 4388 2553 4453 im·
