2959 4984
337 178 444 234 328
878 176 1515 233 OBERRHEINISGHE
1560 180 2209 235 chHENPRovmz.

339 356 444 412 tur
497 346 567 411 in
605 348 1036 412 instrumento
1097 364 1186 408 ex
1244 342 1510 432 speciali
1552 343 1853 410 mandato
1895 342 2122 432 Magni
2169 346 2373 411 Ducis
2417 347 2753 414 Badensis

339 446 445 512 die
485 447 808 533 vigesima
861 443 1052 509 tertia
1087 444 1474 509 Decembris
1518 445 1669 509 anni
1710 444 2041 509 millesimi
2084 446 2611 531 octingentesimi
2646 449 2752 513 vi-

337 547 574 634 gesimi
617 546 928 611 confect0.
971 542 1240 609 Fundos
1281 566 1438 609 vero
1486 544 1695 609 dictus
1738 544 2015 609 Ioannes
2047 545 2335 632 Baptista
2372 546 2751 636 Episcopus

337 649 426 713 ita
462 646 823 728 distribuet,
860 652 934 708 ut
977 666 1063 709 ex
1103 643 1182 709 iis
1217 644 1566 709 obveniant
1602 646 1943 729 quotannis
1965 644 2527 735 Archiepiscopali
2560 671 2751 715 men-

338 769 446 813 sae
493 746 723 813 floreni
777 755 909 811 tres
973 745 1183 811 decim
1227 744 1406 809 mille
1451 752 1729 830 quatuor
1782 754 2077 828 centum,
2142 746 2373 830 quibus
2432 747 2749 815 addendo

337 870 446 913 eas
489 848 954 936 praestationes
993 846 1161 911 infra
1206 844 1615 929 enarrandae,
1662 868 1699 909 a
1738 845 1943 912 tribus
1982 844 2481 912 Cathedralibus
2509 846 2745 913 Eccle-

337 948 446 1013 siis
491 946 817 1013 annuatim
858 945 1325 1035 persolvendas
1371 945 1665 1009 eiusdem
1703 936 1756 1006 F
1758 944 2163 1031 riburgensis
2202 968 2467 1011 mensae
2502 946 2747 1012 Archi-

338 1047 720 1136 episcopalis
763 1047 960 1111 annui
1001 1045 1295 1111 redditus
1361 1054 1553 1109 erunt
1608 1046 2010 1110 florenorum
2066 1046 2555 1129 quatuordecim
2595 1048 2746 1113 mil-

336 1149 494 1215 lium
534 1149 1095 1235 septingentorum
1137 1154 1204 1209 et
1242 1145 1503 1227 decem3
1550 1143 1819 1211 Decano
1868 1144 2149 1233 Capituli
2188 1146 2424 1211 floreni
2462 1157 2747 1232 quatuor

337 1249 554 1330 mille;
622 1246 844 1312 Primo
890 1267 976 1311 ex
1023 1245 1366 1311 Canonicis
1411 1245 1645 1310 fioreni
1688 1246 1969 1311 bismille
2012 1255 2413 1328 tercentum3
2474 1248 2747 1313 cuilibet

343 1370 428 1413 ex
469 1348 609 1412 aliis
669 1346 953 1432 quinque
1019 1344 1361 1412 Canonicis
1406 1345 1639 1410 floreni
1692 1346 1871 1410 mille
1928 1346 2323 1433 octingenti3
2386 1347 2743 1433 unicuique

345 1448 608 1513 demum
651 1470 736 1513 ex
792 1468 911 1513 sex
952 1447 1416 1512 Praebendatis
1457 1448 1691 1513 floreni
1732 1448 2082 1534 nongenti3
2152 1447 2521 1514 Seminario
2558 1450 2741 1515 insu-

333 1568 454 1636 per
492 1547 900 1613 Dioecesano
957 1547 1189 1612 floreni
1233 1547 1468 1633 viginti
1516 1548 1801 1633 quinque
1862 1548 2085 1630 mille3
2142 1548 2453 1613 Fabricae
2500 1548 2739 1616 Gathe-

335 1648 531 1713 dralis
598 1648 928 1714 Ecclesiae
981 1649 1211 1714 floreni
1273 1649 1559 1734 quinque
1616 1650 1795 1715 mille
1846 1650 2107 1714 ducenti
2166 1649 2511 1735 sexaginta
2574 1672 2731 1735 qua-

329 1759 509 1831 tuor3
556 1748 996 1815 Cancellariae
1021 1748 1582 1837 Archiepiscopali
1626 1751 1859 1815 fioreni
1899 1748 2213 1831 termille3
2260 1748 2561 1815 domibus
2608 1750 2727 1815 de-

329 1851 526 1935 nique
551 1847 1152 1915 Ecclesiasticorum
1182 1847 1596 1913 emeritorum
1640 1858 1707 1913 et
1748 1848 2230 1931 demeritorum,
2274 1848 2385 1913 vel
2424 1848 2553 1913 iam
2592 1850 2735 1915 exi-

337 1950 651 2016 stentibus
667 2000 686 2033 ,
745 1948 856 2012 vel
900 1950 978 2013 ab
1027 1947 1376 2015 Ordinario
1399 1998 1420 2032 ,
1467 1949 1649 2013 cuius
1690 1948 2119 2013 iurisdictioni
2161 1949 2519 2015 subdentur
2538 1998 2558 2033 ,
2610 1951 2737 2015 eri-

335 2049 607 2138 gendis,
667 2048 901 2114 floreni
951 2046 1297 2113 octomille.
1388 2049 1739 2114 Praeterea
1784 2071 1903 2137 pro
1944 2049 2447 2137 Archiepiscopi
2488 2050 2737 2115 habita-

335 2152 510 2217 tione
553 2148 910 2236 assignabit
949 2147 1268 2213 Palatium
1310 2149 1378 2214 in
1419 2149 1677 2214 civitate
1722 2148 2166 2236 Friburgensi,
2210 2151 2355 2215 foro
2396 2149 2737 2217 Ecclesiae

333 2250 868 2339 Metropolitanae
923 2248 1222 2315 adiacens
1237 2300 1257 2333 ,
1328 2258 1519 2314 antea
1575 2248 1863 2317 Statibus
1906 2250 2421 2316 Provincialibus
2460 2250 2735 2337 Brisgo-

334 2352 475 2417 viae
523 2350 928 2433 destinatum,
972 2370 1116 2413 cum
1157 2349 1290 2413 suis
1335 2348 1609 2415 adnexis
1650 2350 2077 2438 pertinentiis,
2118 2359 2311 2435 atque
2348 2350 2539 2415 horto
2576 2359 2728 2415 ante

332 2460 585 2540 portam
643 2451 947 2535 civitatis,
1013 2459 1077 2515 et
1118 2474 1237 2539 pro
1281 2452 1677 2517 habitatione
1726 2462 1855 2517 tam
1899 2452 2149 2517 Decani
2198 2472 2386 2537 quam
2432 2472 2555 2515 sex
2604 2448 2727 2515 Oa-

331 2552 711 2618 nonicorum
729 2602 749 2636 ,
816 2561 882 2616 et
938 2574 1058 2617 sex
1098 2551 1696 2618 Praebendatorum
1755 2552 1909 2617 alias
1980 2552 2205 2619 domos
2264 2552 2333 2617 in
2390 2549 2729 2639 praedicto

329 2652 754 2719 instrumento
799 2652 1173 2739 descriptas

503 2750 742 2835 (XIV.)
829 2750 1198 2838 Episcopali
1235 2752 1571 2819 Ecclesiae
1604 2753 2051 2840 Moguntinae,
2094 2753 2301 2818 firmis
2344 2750 2729 2833 redditibus,

339 2859 404 2915 et
443 2850 865 2937 proventibus
911 2851 1141 2935 quibus
1187 2862 1331 2916 actu
1374 2854 1638 2941 gaudet,
1685 2877 1961 2919 annuam
1998 2854 2241 2920 tribuet
2280 2872 2596 2917 summam
2634 2850 2727 2915 vi-

335 2949 502 3037 ginti
535 2948 716 3013 mille
762 2949 1157 3014 florenorum
1203 2951 1620 3018 rhenensium
1647 2954 2134 3042 percipiendam
2178 2975 2266 3018 ex
2306 2953 2729 3041 proventibus

331 3073 408 3115 ac
429 3048 788 3114 redditibus
805 3048 1258 3115 Praefecturae
1288 3052 1711 3141 Moguntinae
1741 3054 1824 3118 ad
1852 3054 2179 3140 exigenda
2204 3052 2553 3139 vectigalia
2580 3052 2731 3117 red-

335 3151 634 3235 ditusque
674 3149 1053 3216 Dominicos
1097 3152 1522 3244 constitutae,
1565 3154 1941 3219 solvendam
1978 3154 2320 3239 quotannis
2360 3153 2731 3242 praedictae

331 3248 664 3316 Ecclesiae
709 3270 786 3313 ea
824 3252 1014 3338 lege,
1077 3261 1150 3317 ut
1191 3262 1544 3318 memorata
1586 3276 1834 3319 summa
1898 3255 2182 3341 gaudeat
2220 3254 2361 3320 iure
2405 3253 2729 3341 hypothe-

333 3372 444 3416 cae
486 3350 556 3415 in
602 3350 786 3416 bonis
830 3352 1050 3418 fundis
1097 3362 1162 3418 et
1201 3354 1566 3420 redditibus
1604 3354 1965 3421 Dominicis
2018 3355 2309 3420 eiusdem
2351 3353 2729 3419 Praefectu-

328 3474 441 3517 rae
483 3449 943 3537 Moguntinae,
1009 3462 1206 3538 utque
1247 3454 1617 3519 huiusmodi
1662 3455 1998 3543 dispositio
2044 3457 2270 3539 firma,
2344 3454 2627 3535 stabilis,
2670 3462 2735 3517 et

336 3553 715 3619 inconcussa
771 3562 1027 3617 maneat
1051 3603 1071 3637 ,
1139 3554 1347 3619 donec
1387 3556 1513 3644 ipsi
1567 3556 1892 3645 Episcopo
1934 3554 2731 3641 Ecclesiae-Moguntinae

329 3654 636 3742 praedia,
701 3662 766 3718 et
827 3653 1051 3738 fundi,
1121 3676 1396 3739 quorum
1436 3657 1681 3721 fructus
1722 3657 1955 3743 'viginti
2018 3656 2293 3721 millium
2334 3656 2731 3719 florenorum

336 3775 650 3818 summam
695 3753 1019 3818 annuatim
1061 3754 1458 3842 producant,
1504 3757 1700 3843 pleno
1744 3758 1887 3821 iure
1927 3759 2010 3823 ab
2056 3778 2131 3821 ea
2171 3754 2588 3845 possidenda,
2634 3776 2727 3818 as-

335 3852 712 3939 signentur,
779 3862 977 3940 prout
1043 3874 1352 3941 expresse
1415 3864 1675 3920 cavetur
1727 3857 1795 3921 in
1838 3856 2263 3921 instrumento
2328 3877 2414 3919 ex
2470 3851 2729 3941 speciali

335 3952 634 4017 mandato
661 3951 888 4037 Magni
921 3952 1126 4019 Ducis
1160 3952 1430 4020 Hassiae
1477 3963 1543 4019 et
1578 3955 1660 4021 ad
1696 3956 1999 4022 Rhenum
2040 3955 2145 4021 die
2192 3954 2507 4043 vigesima
2550 3959 2729 4017 sexta

335 4048 621 4136 Augusti
661 4055 810 4119 anni
853 4054 1180 4120 millesimi
1209 4056 1726 4142 octingentesimi
1768 4058 2071 4143 vigesimi
2114 4064 2396 4123 exarato·
2439 4054 2585 4119 Hac
2623 4077 2725 4143 au-

335 4163 473 4217 tem
513 4174 764 4219 summa
802 4154 1034 4241 viginti
1080 4154 1354 4220 millium
1397 4156 1794 4221 florenorum
1836 4178 2195 4221 annuorum
2244 4155 2547 4221 adiuncta
2586 4155 2726 4221 red-

338 4247 576 4316 ditibus
599 4300 619 4335 ,
667 4254 776 4338 qui
821 4254 1041 4321 dotem
1085 4255 1278 4321 modo
1325 4264 1686 4321 exstantem
1736 4255 2158 4342 Moguntinae
2206 4255 2543 4321 Ecclesiae
2588 4278 2726 4321 con·

335 4348 644 4430 stituunt,
696 4361 998 4437 tanquam
1039 4355 1562 4443 supplementum
1607 4354 1979 4437 dotationis,
2026 4364 2161 4421 tota
2206 4355 2531 4441 quantitas
2578 4355 2719 4421 red·
