2959 4984
599 262 670 318 44
881 263 972 314 VI.
1046 261 1342 314 REGULA
1387 261 1923 315 OHRODOGANGI
1956 259 2283 314 EPISOOPI
2322 263 2771 318 METENSH

601 436 860 494 cantent
903 427 1194 508 tertiam,
1237 436 1304 492 et
1335 427 1697 492 residentes
1739 427 1808 491 in
1852 427 2185 493 ordinibus
2228 428 2365 492 suis
2426 449 2771 518 exspem

607 529 865 609 tificem,
910 527 1074 591 sicut
1103 547 1242 590 mos
1279 535 1378 590 est
1400 527 1727 592 Romanae
1756 527 2101 591 ecclesiae:
2144 536 2213 590 et
2246 527 2497 592 nullus
2532 539 2771 616 poste

605 628 687 693 de
755 627 982 691 ordine
1035 647 1150 690 suo
1203 635 1428 708 exeat,
1494 647 1699 712 usque
1744 626 1896 690 dum
1942 626 2203 692 omnino
2248 628 2735 715 expleverit5

610 749 753 792 cum
795 725 1102 814 pontifice
1149 726 1529 790 comitantur
1574 727 1645 790 in
1688 726 2018 812 obsequio,
2062 735 2173 790 aut
2214 727 2313 791 illi
2362 726 2496 812 qui
2550 728 2638 792 in
2698 731 2771 794 al

608 829 787 893 litate
833 825 1120 912 occupati
1158 825 1415 906 fuerint,
1458 825 1511 890 si
1554 825 1698 890 talis
1736 835 1835 890 est
1858 826 2033 911 quod
2062 827 2319 891 omnino
2350 849 2511 891 non
2544 829 2770 915 possi

609 937 675 994 et
739 929 865 992 hoe
921 927 1324 990 innotescant
1371 926 1707 1013 episcopo,
1768 926 1877 989 vel
1920 925 2028 1009 qui
2072 927 2191 990 sub
2232 947 2310 990 eo
2355 936 2559 990 sunt.
2672 926 2770 992 Si

609 1029 784 1092 clero
840 1027 923 1090 de
978 1018 1271 1110 quolibet
1315 1025 1579 1107 ordine,
1651 1035 1779 1088 tam
1827 1024 2263 1108 sacerdotum,
2322 1047 2547 1110 quam
2604 1027 2771 1090 diac

607 1137 716 1193 aut
756 1125 1312 1206 subdiaconorum,
1351 1125 1460 1187 vel
1500 1125 1905 1210 acolytorum
1943 1133 2096 1188 tunc
2136 1147 2455 1212 praesens
2505 1149 2663 1190 non
2714 1127 2771 1192 ft

607 1237 782 1292 ratus
823 1235 896 1290 ut
944 1225 1226 1290 officium
1274 1247 1460 1288 suum
1504 1224 1800 1312 impleat,
1870 1233 1935 1288 et
1974 1225 2189 1309 aliqua
2232 1225 2720 1311 negligentia,

610 1325 882 1391 tardatio
925 1347 1044 1413 per
1091 1324 1303 1411 ipsum
1346 1323 1687 1406 acciderit,
1746 1324 1871 1388 nisi
1914 1325 1997 1388 ob
2040 1347 2290 1388 causam
2330 1325 2575 1410 gravis
2626 1326 2771 1392 infi:

603 1428 673 1492 in
729 1425 1004 1490 crastino
1065 1447 1102 1488 a
1154 1423 1305 1488 vino
1363 1423 1489 1486 vel'
1529 1431 1685 1509 potu
1736 1423 2066 1512 privetur3
2131 1423 2184 1487 si
2240 1431 2468 1488 autem
2512 1447 2655 1512 per
2705 1427 2771 1488 d«

605 1536 715 1591 aut
737 1532 1173 1609 contemptum
1203 1522 1552 1606 iteraverit,
1599 1523 1679 1588 ab
1708 1523 2032 1611 episcopo,
2072 1524 2181 1586 vel
2202 1523 2316 1608 qui
2342 1527 2472 1589 sub
2504 1545 2591 1588 eo
2624 1547 2771 1589 sun¹

607 1633 1012 1705 coerceatur3
1060 1623 1148 1686 ita
1183 1631 1259 1686 ut
1302 1621 1500 1686 ceteri
1550 1622 1850 1687 timorem
1889 1623 2186 1688 habeant.
2252 1623 2427 1688 Nam
2472 1625 2771 1709 reliquis

610 1725 693 1790 ad
737 1722 1104 1810 capitulum,
1147 1730 1220 1786 ut
1255 1744 1450 1809 supra
1490 1722 1557 1785 in
1597 1723 1719 1785 isto
1765 1731 1990 1787 tenore
2032 1723 2480 1811 praefiximus,
2522 1725 2619 1788 ita
2662 1747 2771 1790 ve]

777 1820 852 1889 Si
913 1831 1127 1886 autem
1186 1822 1372 1886 statio
1433 1822 1691 1908 publica
1748 1823 1943 1886 fuerit
1988 1843 2107 1910 per
2146 1823 2291 1887 illas
2334 1823 2663 1889 ecclesias
2708 1827 2771 1889 fo

617 1935 682 1991 et
719 1926 951 1990 fratres
989 1921 1234 1987 ibidem
1261 1921 1556 2007 vigiliam
1588 1923 2071 2005 celebraverint,
2114 1931 2374 2010 peracta
2400 1925 2639 2010 vigilia
2666 1937 2771 1991 cui

609 2026 845 2091 decore
889 2044 1076 2086 mane
1118 2030 1448 2086 revertant
1490 2021 1560 2085 in
1601 2022 1907 2103 claustra,
1956 2033 2030 2086 ut
2068 2023 2329 2088 omnino
2374 2023 2459 2088 ad
2502 2027 2771 2112 capitul]

605 2125 818 2190 niant:
866 2124 918 2188 si
958 2132 1173 2187 autem
1211 2121 1559 2207 negligens
1600 2121 2045 2204 retardaverit,
2090 2131 2155 2186 et
2196 2122 2277 2187 ad
2322 2125 2678 2212 capitulum
2713 2151 2771 2190 n«

609 2227 728 2308 rit,
794 2223 1035 2313 prima,
1107 2231 1172 2286 et
1215 2221 1501 2285 secunda
1538 2221 1681 2285 vice
1722 2243 1843 2309 pro
1888 2222 2015 2286 hoc
2056 2221 2447 2308 castigetur:
2510 2225 2566 2290 si
2612 2236 2771 2292 autes

611 2323 1080 2406 emendaverit,
1134 2322 1246 2386 illa
1291 2320 1396 2385 die
1439 2320 1697 2405 quando
1744 2320 1827 2386 ad
1868 2322 2217 2409 capitulum
2254 2345 2385 2388 non
2424 2327 2711 2408 venerit,
2769 2337 2770 2384 1

604 2426 918 2492 abstineat
954 2444 1158 2507 usque
1197 2421 1267 2484 in
1309 2420 1671 2485 crastinum.

691 2591 848 2678 Cap.
895 2587 1218 2653 XXXIV.
1306 2584 1409 2650 De
1449 2587 1957 2666 matricolariis,
1998 2601 2070 2652 ut
2113 2589 2205 2652 ad
2248 2590 2575 2654 lectionem
2620 2592 2771 2660 dam}

913 2687 1302 2752 audiendam
1346 2689 1609 2750 veniant
1650 2689 1720 2750 in
1764 2700 2012 2752 statuta
2056 2689 2329 2754 ecclesia
2373 2693 2437 2753 in
2478 2690 2675 2756 domo.

778 2821 958 2884 Dum
1000 2819 1083 2883 de
1133 2819 1521 2904 corrigenda
1564 2820 1694 2884 vita
1739 2819 2120 2886 clericorum
2158 2822 2587 2888 canonicorum
2610 2826 2771 2908 rebus]

607 2920 1005 3002 necessariis,
1047 2929 1122 2984 ut
1161 2920 1344 2984 nobis
1385 2919 1568 2984 iuxta
1606 2920 2115 2985 mediocritatem
2156 2931 2433 2986 nostram
2474 2931 2535 2987 et
2564 2926 2771 3012 capaci

611 3041 838 3084 sensus
903 3041 1022 3107 per
1068 3019 1198 3083 Dei
1243 3018 1628 3084 adiutorium
1668 3019 1880 3083 visum
1922 3021 2076 3103 fuit,
2150 3022 2615 3111 descripsimus,
2672 3049 2771 3092 ver

607 3120 690 3186 ad
751 3119 1216 3184 matricolarios
1277 3127 1407 3182 tam
1463 3119 1675 3202 domi,
1746 3141 1937 3204 quam
1982 3123 2155 3187 etin
2196 3125 2583 3207 suburbanis;
2645 3129 2771 3212 quia

607 3223 964 3288 secundum
1017 3222 1485 3287 institutionem
1539 3223 1836 3307 antiquae
1898 3224 2209 3288 ecclesiae
2250 3246 2461 3288 eorum
2500 3236 2653 3290 esset
2688 3251 2771 3292 coz

605 3323 802 3406 satio;
869 3321 984 3388 sed
1051 3324 1448 3408 submagno
1498 3323 1779 3407 quodam
1818 3323 2143 3410 pericu10,
2212 3333 2277 3388 et
2317 3325 2709 3410 negligentia,
2760 3349 2771 3392 ι

601 3424 692 3487 ita
736 3423 1011 3487 dixerim
1051 3423 1290 3506 absque
1334 3423 1836 3509 praedicatione,
1878 3431 1947 3486 et
1990 3424 2388 3490 confessione
2414 3434 2569 3488 erant
2584 3425 2648 3490 in
2672 3448 2771 3511 qua

603 3524 946 3588 securitate
1004 3521 1232 3609 positi3
1299 3543 1511 3606 neque
1570 3521 1653 3585 ad
1710 3522 1975 3588 domum
2033 3524 2117 3588 ad
2160 3525 2479 3588 stationem
2516 3525 2771 3612 publicam

606 3623 996 3689 audiendum
1038 3626 1310 3689 verbum
1336 3625 1466 3690 Dei
1508 3627 1873 3707 veniebant,
1917 3647 2131 3710 neque
2173 3626 2243 3690 in
2276 3626 2517 3711 reliquis
2543 3627 2771 3692 stationi!

605 3725 726 3791 sed
785 3734 968 3790 erant
1025 3747 1250 3790 omnes
1295 3726 1599 3791 sedentes
1637 3727 2081 3811 unusquisque
2120 3727 2189 3790 in
2232 3726 2373 3790 loco
2410 3748 2523 3790 suo,
2592 3726 2771 3814 Propte]

607 3849 734 3891 una
786 3849 933 3890 cum
977 3847 1292 3891 consensu
1335 3826 1605 3892 fratrum
1653 3827 2079 3914 spiritualium
2126 3827 2528 3892 constituimus
2541 3877 2558 3910 ,
2616 3837 2677 3891 ut
2710 3829 2771 3894 bis

601 3947 824 3990 mense
866 3947 988 4012 per
1027 3935 1233 3990 totum
1271 3949 1512 3991 annum
1555 3927 1639 3990 de
1681 3926 2169 4011 quatuordecim
2208 3927 2279 3991 in
2324 3928 2725 4012 quatuordecim
2760 3949 2771 3992 ι

601 4025 670 4088 in
712 4024 974 4089 sabbato
1021 4046 1241 4090 omnes
1286 4026 1701 4092 matricularii
1745 4035 1873 4090 tam
1916 4026 2025 4110 qui
2066 4025 2135 4089 in
2180 4025 2369 4090 domo
2406 4035 2551 4109 sunt,
2588 4031 2771 4112 quam}

607 4124 716 4209 qui
771 4145 892 4211 per
950 4134 1196 4190 ceteras
1259 4126 1563 4191 ecclesias
1620 4126 1788 4190 infra
1850 4125 2204 4208 civitatem,
2260 4126 2365 4189 vel
2402 4125 2543 4209 vicie,
2573 4127 2771 4192 matricu

603 4225 848 4290 habent
861 4274 880 4307 ,
939 4225 1024 4289 ad
1063 4233 1447 4290 conventum
1498 4234 1803 4290 statutum
1846 4247 2089 4290 omnes*
2112 4225 2182 4290 in
2226 4225 2468 4290 ecelesia
2495 4225 2553 4291 in
2586 4226 2733 4291 domo
2764 4247 2771 4272 ¹

603 4324 814 4408 niant,
885 4347 1072 4390 mane
1131 4325 1344 4412 primo
1391 4333 1837 4413 exspectantes
1880 4326 1949 4389 in
1992 4325 2321 4390 ordinibus
2360 4325 2465 4390 suis
2475 4375 2491 4408 ,
2538 4319 2695 4412 usque
2730 4326 2771 4390 dt

603 4423 657 4488 si
667 4447 870 4510 gnum
913 4424 1266 4513 pulsaverit
1307 4424 1509 4488 horae
1555 4424 1821 4490 tertiae:
1892 4434 2045 4490 tunc
2084 4425 2353 4490 veniens
2390 4423 2672 4514 episcopm,
2719 4425 2757 4489 si
