<?xml version="1.0" encoding="UTF-8"?>
<!DOCTYPE html PUBLIC "-//W3C//DTD XHTML 1.0 Transitional//EN"
    "http://www.w3.org/TR/xhtml1/DTD/xhtml1-transitional.dtd">
<html xmlns="http://www.w3.org/1999/xhtml" xml:lang="en" lang="en">
 <head>
  <title>
</title>
<meta http-equiv="Content-Type" content="text/html;charset=utf-8" />
  <meta name='ocr-system' content='tesseract 3.04.00' />
  <meta name='ocr-capabilities' content='ocr_page ocr_carea ocr_par ocr_line ocrx_word'/>
</head>
<body>
  <div class='ocr_page' id='page_1' title='image "./fontesiuriseccl00waltgoog_0270.png"; bbox 0 0 2959 4984; ppageno 0'>
   <div class='ocr_carea' id='block_1_1' title="bbox 371 265 2469 322">
    <p class='ocr_par' dir='ltr' id='par_1_1' title="bbox 371 265 2469 322">
     <span class='ocr_line' id='line_1_1' title="bbox 371 265 2469 322; baseline -0 0"><span class='ocrx_word' id='word_1_1' title='bbox 371 265 480 322; x_wconf 76' lang='lat'><strong>250</strong></span> <span class='ocrx_word' id='word_1_2' title='bbox 655 268 954 320; x_wconf 83' lang='lat' dir='ltr'><strong>xxxvm.</strong></span> <span class='ocrx_word' id='word_1_3' title='bbox 1025 267 1268 320; x_wconf 83' lang='lat' dir='ltr'><strong>BULLA</strong></span> <span class='ocrx_word' id='word_1_4' title='bbox 1305 267 1446 318; x_wconf 85' lang='lat' dir='ltr'><strong>PRO</strong></span> <span class='ocrx_word' id='word_1_5' title='bbox 1484 265 1733 318; x_wconf 78' lang='lat' dir='ltr'>REGNO</span> <span class='ocrx_word' id='word_1_6' title='bbox 1771 265 2173 318; x_wconf 82' lang='lat' dir='ltr'><strong>BORUSSICO</strong></span> <span class='ocrx_word' id='word_1_7' title='bbox 2210 269 2275 318; x_wconf 84' lang='lat' dir='ltr'><strong>A.</strong></span> <span class='ocrx_word' id='word_1_8' title='bbox 2315 265 2469 320; x_wconf 74' lang='lat'>1821.</span> 
     </span>
    </p>
   </div>
   <div class='ocr_carea' id='block_1_2' title="bbox 360 429 2775 4524">
    <p class='ocr_par' dir='ltr' id='par_1_2' title="bbox 360 429 2775 4424">
     <span class='ocr_line' id='line_1_2' title="bbox 361 429 2769 520; baseline -0 -23"><span class='ocrx_word' id='word_1_9' title='bbox 361 429 681 520; x_wconf 88' lang='lat' dir='ltr'><strong>brugensi</strong></span> <span class='ocrx_word' id='word_1_10' title='bbox 746 429 1056 494; x_wconf 88' lang='lat' dir='ltr'><strong>Dioecesi</strong></span> <span class='ocrx_word' id='word_1_11' title='bbox 1118 429 1511 518; x_wconf 83' lang='lat' dir='ltr'><strong>separandos</strong></span> <span class='ocrx_word' id='word_1_12' title='bbox 1533 479 1553 514; x_wconf 90' lang='lat'><strong>,</strong></span> <span class='ocrx_word' id='word_1_13' title='bbox 1613 451 1737 494; x_wconf 90' lang='lat' dir='ltr'><strong>nec</strong></span> <span class='ocrx_word' id='word_1_14' title='bbox 1786 452 1917 495; x_wconf 93' lang='lat' dir='ltr'><strong>non</strong></span> <span class='ocrx_word' id='word_1_15' title='bbox 1976 455 2015 495; x_wconf 88' lang='lat' dir='ltr'><strong>a</strong></span> <span class='ocrx_word' id='word_1_16' title='bbox 2059 430 2367 496; x_wconf 85' lang='lat' dir='ltr'><strong>Dioecesi</strong></span> <span class='ocrx_word' id='word_1_17' title='bbox 2426 431 2581 496; x_wconf 84' lang='lat' dir='ltr'><strong>olim</strong></span> <span class='ocrx_word' id='word_1_18' title='bbox 2626 431 2769 496; x_wconf 85' lang='lat' dir='ltr'><strong>Mo·</strong></span> 
     </span>
     <span class='ocr_line' id='line_1_3' title="bbox 367 529 2775 622; baseline -0.001 -23"><span class='ocrx_word' id='word_1_19' title='bbox 367 534 678 622; x_wconf 86' lang='lat' dir='ltr'><strong>guntina,</strong></span> <span class='ocrx_word' id='word_1_20' title='bbox 733 539 958 617; x_wconf 86' lang='lat' dir='ltr'><strong>postea</strong></span> <span class='ocrx_word' id='word_1_21' title='bbox 998 529 1451 596; x_wconf 86' lang='lat' dir='ltr'><strong>Ratisbonensi</strong></span> <span class='ocrx_word' id='word_1_22' title='bbox 1499 529 1963 616; x_wconf 88' lang='lat' dir='ltr'><strong>disiungendas</strong></span> <span class='ocrx_word' id='word_1_23' title='bbox 2007 529 2349 596; x_wconf 86' lang='lat' dir='ltr'><strong>Paroecias</strong></span> <span class='ocrx_word' id='word_1_24' title='bbox 2388 569 2473 578; x_wconf 86' lang='lat'><strong>—-</strong></span> <span class='ocrx_word' id='word_1_25' title='bbox 2518 529 2775 617; x_wconf 87' lang='lat' dir='ltr'><strong>Siegen</strong></span> 
     </span>
     <span class='ocr_line' id='line_1_4' title="bbox 365 629 2773 718; baseline -0.002 -20"><span class='ocrx_word' id='word_1_26' title='bbox 365 673 440 682; x_wconf 91' lang='lat'><strong>-—</strong></span> <span class='ocrx_word' id='word_1_27' title='bbox 481 641 546 698; x_wconf 89' lang='lat' dir='ltr'><strong>et</strong></span> <span class='ocrx_word' id='word_1_28' title='bbox 579 629 1052 718; x_wconf 88' lang='lat' dir='ltr'><strong>Obernetphen</strong></span> <span class='ocrx_word' id='word_1_29' title='bbox 1087 667 1160 676; x_wconf 90' lang='lat'><strong>—-</strong></span> <span class='ocrx_word' id='word_1_30' title='bbox 1191 639 1609 717; x_wconf 70' lang='lat' dir='ltr'><strong>nuncupatae,</strong></span> <span class='ocrx_word' id='word_1_31' title='bbox 1656 631 1980 695; x_wconf 86' lang='lat' dir='ltr'><strong>civitatem</strong></span> <span class='ocrx_word' id='word_1_32' title='bbox 1999 630 2587 716; x_wconf 82' lang='lat' dir='ltr'><strong>Heiligenstadt—</strong></span> <span class='ocrx_word' id='word_1_33' title='bbox 2624 653 2773 694; x_wconf 89' lang='lat' dir='ltr'><strong>cum</strong></span> 
     </span>
     <span class='ocr_line' id='line_1_5' title="bbox 373 731 2775 814; baseline -0.002 -14"><span class='ocrx_word' id='word_1_34' title='bbox 373 758 488 800; x_wconf 88' lang='lat' dir='ltr'><strong>suo</strong></span> <span class='ocrx_word' id='word_1_35' title='bbox 532 733 887 814; x_wconf 84' lang='lat' dir='ltr'><strong>Decanatu,</strong></span> <span class='ocrx_word' id='word_1_36' title='bbox 937 741 1001 796; x_wconf 88' lang='lat' dir='ltr'><strong>et</strong></span> <span class='ocrx_word' id='word_1_37' title='bbox 1043 731 1521 797; x_wconf 79' lang='lat' dir='ltr'><strong>Decanatus—</strong></span> <span class='ocrx_word' id='word_1_38' title='bbox 1549 731 1952 797; x_wconf 88' lang='lat' dir='ltr'><strong>Beurensem</strong></span> <span class='ocrx_word' id='word_1_39' title='bbox 1993 769 2078 779; x_wconf 92' lang='lat'><em>-</em></span> <span class='ocrx_word' id='word_1_40' title='bbox 2112 731 2775 796; x_wconf 85' lang='lat' dir='ltr'><strong>Bischoferodensem</strong></span> 
     </span>
     <span class='ocr_line' id='line_1_6' title="bbox 362 826 2771 916; baseline -0.002 -16"><span class='ocrx_word' id='word_1_41' title='bbox 362 826 1102 900; x_wconf 63' lang='lat' dir='ltr'><strong>--&#39;Kirchworbensem</strong></span> <span class='ocrx_word' id='word_1_42' title='bbox 1143 867 1230 878; x_wconf 92' lang='lat'><strong>--</strong></span> <span class='ocrx_word' id='word_1_43' title='bbox 1274 831 1859 897; x_wconf 70' lang='lat' dir='ltr'><strong>Kiihlstadtenscm</strong></span> <span class='ocrx_word' id='word_1_44' title='bbox 1916 869 2000 880; x_wconf 88' lang='lat'><strong>-—-</strong></span> <span class='ocrx_word' id='word_1_45' title='bbox 2043 831 2646 916; x_wconf 87' lang='lat' dir='ltr'><strong>Lengefeldensem</strong></span> <span class='ocrx_word' id='word_1_46' title='bbox 2690 867 2771 877; x_wconf 85' lang='lat'><strong>——</strong></span> 
     </span>
     <span class='ocr_line' id='line_1_7' title="bbox 365 931 2771 1003; baseline -0.003 0"><span class='ocrx_word' id='word_1_47' title='bbox 365 934 974 1003; x_wconf 87' lang='lat' dir='ltr'><strong>Neuendorfensem</strong></span> <span class='ocrx_word' id='word_1_48' title='bbox 994 968 1072 984; x_wconf 66' lang='lat'><strong>0--</strong></span> <span class='ocrx_word' id='word_1_49' title='bbox 1111 931 1695 998; x_wconf 88' lang='lat' dir='ltr'><strong>Nordhausensem</strong></span> <span class='ocrx_word' id='word_1_50' title='bbox 1722 969 1769 978; x_wconf 79' lang='lat'>-</span> <span class='ocrx_word' id='word_1_51' title='bbox 1816 931 2423 998; x_wconf 80' lang='lat' dir='ltr'><strong>Riistenfeldensem</strong></span> <span class='ocrx_word' id='word_1_52' title='bbox 2455 969 2539 980; x_wconf 89' lang='lat'><strong>——</strong></span> <span class='ocrx_word' id='word_1_53' title='bbox 2582 931 2771 996; x_wconf 83' lang='lat' dir='ltr'><strong>Wie-</strong></span> 
     </span>
     <span class='ocr_line' id='line_1_8' title="bbox 364 1029 2773 1111; baseline -0.002 -12"><span class='ocrx_word' id='word_1_54' title='bbox 364 1034 846 1100; x_wconf 86' lang='lat' dir='ltr'><strong>senfeldensem</strong></span> <span class='ocrx_word' id='word_1_55' title='bbox 909 1071 988 1080; x_wconf 91' lang='lat'><em>-</em></span> <span class='ocrx_word' id='word_1_56' title='bbox 1051 1055 1200 1097; x_wconf 90' lang='lat' dir='ltr'><strong>cum</strong></span> <span class='ocrx_word' id='word_1_57' title='bbox 1248 1033 1378 1096; x_wconf 87' lang='lat' dir='ltr'><strong>suis</strong></span> <span class='ocrx_word' id='word_1_58' title='bbox 1421 1032 1907 1097; x_wconf 63' lang='lat' dir='ltr'><strong>Pal-oehialibus</strong></span> <span class='ocrx_word' id='word_1_59' title='bbox 1952 1040 2019 1095; x_wconf 88' lang='lat' dir='ltr'><strong>et</strong></span> <span class='ocrx_word' id='word_1_60' title='bbox 2060 1029 2389 1096; x_wconf 86' lang='lat' dir='ltr'><strong>Filialibus</strong></span> <span class='ocrx_word' id='word_1_61' title='bbox 2434 1029 2773 1111; x_wconf 79' lang='lat' dir='ltr'><strong>EcclesiiS,</strong></span> 
     </span>
     <span class='ocr_line' id='line_1_9' title="bbox 365 1130 2771 1214; baseline -0.003 -14"><span class='ocrx_word' id='word_1_62' title='bbox 365 1146 430 1200; x_wconf 87' lang='lat' dir='ltr'><strong>et</strong></span> <span class='ocrx_word' id='word_1_63' title='bbox 475 1134 817 1202; x_wconf 80' lang='lat' dir='ltr'><strong>Civitatem</strong></span> <span class='ocrx_word' id='word_1_64' title='bbox 862 1133 1108 1198; x_wconf 88' lang='lat' dir='ltr'><strong>Erfurti</strong></span> <span class='ocrx_word' id='word_1_65' title='bbox 1151 1171 1237 1182; x_wconf 92' lang='lat'><strong>—-</strong></span> <span class='ocrx_word' id='word_1_66' title='bbox 1286 1156 1430 1198; x_wconf 90' lang='lat' dir='ltr'><strong>cum</strong></span> <span class='ocrx_word' id='word_1_67' title='bbox 1472 1132 1674 1197; x_wconf 88' lang='lat' dir='ltr'><strong>tribus</strong></span> <span class='ocrx_word' id='word_1_68' title='bbox 1718 1131 2043 1196; x_wconf 88' lang='lat' dir='ltr'><strong>Paroeciis</strong></span> <span class='ocrx_word' id='word_1_69' title='bbox 2085 1130 2504 1214; x_wconf 84' lang='lat' dir='ltr'><strong>suburbanis,</strong></span> <span class='ocrx_word' id='word_1_70' title='bbox 2572 1137 2771 1214; x_wconf 86' lang='lat' dir='ltr'><strong>atque</strong></span> 
     </span>
     <span class='ocr_line' id='line_1_10' title="bbox 363 1230 2768 1319; baseline -0.002 -19"><span class='ocrx_word' id='word_1_71' title='bbox 363 1235 700 1300; x_wconf 87' lang='lat' dir='ltr'><strong>Paroecias</strong></span> <span class='ocrx_word' id='word_1_72' title='bbox 759 1235 827 1298; x_wconf 91' lang='lat' dir='ltr'><strong>in</strong></span> <span class='ocrx_word' id='word_1_73' title='bbox 867 1233 1228 1299; x_wconf 87' lang='lat' dir='ltr'><strong>Territorio</strong></span> <span class='ocrx_word' id='word_1_74' title='bbox 1274 1232 1499 1319; x_wconf 88' lang='lat' dir='ltr'><strong>Magni</strong></span> <span class='ocrx_word' id='word_1_75' title='bbox 1537 1233 1707 1297; x_wconf 91' lang='lat' dir='ltr'><strong>Duci</strong></span> <span class='ocrx_word' id='word_1_76' title='bbox 1764 1230 2091 1298; x_wconf 85' lang='lat' dir='ltr'><strong>Saxoniae</strong></span> <span class='ocrx_word' id='word_1_77' title='bbox 2135 1231 2567 1296; x_wconf 87' lang='lat' dir='ltr'><strong>Wimarensis</strong></span> <span class='ocrx_word' id='word_1_78' title='bbox 2630 1230 2768 1296; x_wconf 84' lang='lat' dir='ltr'><strong>exi-</strong></span> 
     </span>
     <span class='ocr_line' id='line_1_11' title="bbox 366 1331 2761 1420; baseline -0.002 -20"><span class='ocrx_word' id='word_1_79' title='bbox 366 1342 628 1416; x_wconf 87' lang='lat' dir='ltr'><strong>stentes,</strong></span> <span class='ocrx_word' id='word_1_80' title='bbox 672 1355 794 1398; x_wconf 91' lang='lat' dir='ltr'><strong>nec</strong></span> <span class='ocrx_word' id='word_1_81' title='bbox 827 1355 959 1398; x_wconf 88' lang='lat' dir='ltr'><strong>non</strong></span> <span class='ocrx_word' id='word_1_82' title='bbox 1000 1333 1378 1398; x_wconf 89' lang='lat' dir='ltr'><strong>Paroeciam</strong></span> <span class='ocrx_word' id='word_1_83' title='bbox 1419 1332 1796 1420; x_wconf 88' lang='lat' dir='ltr'><strong>Eppensem</strong></span> <span class='ocrx_word' id='word_1_84' title='bbox 1838 1341 2022 1396; x_wconf 80' lang='lat' dir='ltr'><strong>extra</strong></span> <span class='ocrx_word' id='word_1_85' title='bbox 2058 1331 2405 1399; x_wconf 87' lang='lat' dir='ltr'><strong>Borussiae</strong></span> <span class='ocrx_word' id='word_1_86' title='bbox 2448 1332 2761 1417; x_wconf 80' lang='lat' dir='ltr'><strong>Regnum</strong></span> 
     </span>
     <span class='ocr_line' id='line_1_12' title="bbox 365 1431 2765 1521; baseline -0.001 -22"><span class='ocrx_word' id='word_1_87' title='bbox 365 1436 432 1500; x_wconf 91' lang='lat' dir='ltr'><strong>in</strong></span> <span class='ocrx_word' id='word_1_88' title='bbox 450 1435 822 1521; x_wconf 83' lang='lat' dir='ltr'><strong>Principatu</strong></span> <span class='ocrx_word' id='word_1_89' title='bbox 838 1432 1300 1498; x_wconf 87' lang='lat' dir='ltr'><strong>Waldeccensi</strong></span> <span class='ocrx_word' id='word_1_90' title='bbox 1343 1435 1423 1497; x_wconf 88' lang='lat' dir='ltr'><strong>ab</strong></span> <span class='ocrx_word' id='word_1_91' title='bbox 1469 1433 1731 1517; x_wconf 88' lang='lat' dir='ltr'><strong>antiqua</strong></span> <span class='ocrx_word' id='word_1_92' title='bbox 1778 1431 2151 1498; x_wconf 85' lang='lat' dir='ltr'><strong>Coloniensi</strong></span> <span class='ocrx_word' id='word_1_93' title='bbox 2180 1433 2487 1499; x_wconf 89' lang='lat' dir='ltr'><strong>Dioecesi</strong></span> <span class='ocrx_word' id='word_1_94' title='bbox 2536 1454 2765 1517; x_wconf 90' lang='lat' dir='ltr'><strong>segre-</strong></span> 
     </span>
     <span class='ocr_line' id='line_1_13' title="bbox 364 1532 2771 1621; baseline -0.002 -21"><span class='ocrx_word' id='word_1_95' title='bbox 364 1534 648 1620; x_wconf 85' lang='lat' dir='ltr'><strong>gandam</strong></span> <span class='ocrx_word' id='word_1_96' title='bbox 671 1582 690 1615; x_wconf 91' lang='lat'><strong>,</strong></span> <span class='ocrx_word' id='word_1_97' title='bbox 774 1543 839 1598; x_wconf 90' lang='lat' dir='ltr'><strong>et</strong></span> <span class='ocrx_word' id='word_1_98' title='bbox 896 1534 1158 1598; x_wconf 90' lang='lat' dir='ltr'><strong>demum</strong></span> <span class='ocrx_word' id='word_1_99' title='bbox 1213 1557 1250 1596; x_wconf 86' lang='lat' dir='ltr'><strong>a</strong></span> <span class='ocrx_word' id='word_1_100' title='bbox 1310 1533 1695 1598; x_wconf 89' lang='lat' dir='ltr'><strong>Missionum</strong></span> <span class='ocrx_word' id='word_1_101' title='bbox 1754 1533 2377 1621; x_wconf 81' lang='lat' dir='ltr'><strong>septemtrionalium</strong></span> <span class='ocrx_word' id='word_1_102' title='bbox 2435 1532 2771 1597; x_wconf 86' lang='lat' dir='ltr'><strong>Vicariatu</strong></span> 
     </span>
     <span class='ocr_line' id='line_1_14' title="bbox 367 1632 2771 1723; baseline -0.002 -23"><span class='ocrx_word' id='word_1_103' title='bbox 367 1635 752 1723; x_wconf 89' lang='lat' dir='ltr'><strong>Apostolico</strong></span> <span class='ocrx_word' id='word_1_104' title='bbox 795 1633 1206 1720; x_wconf 75' lang='lat' dir='ltr'><strong>separandae,</strong></span> <span class='ocrx_word' id='word_1_105' title='bbox 1254 1642 1320 1698; x_wconf 86' lang='lat' dir='ltr'><strong>et</strong></span> <span class='ocrx_word' id='word_1_106' title='bbox 1363 1659 1400 1698; x_wconf 91' lang='lat' dir='ltr'><strong>a</strong></span> <span class='ocrx_word' id='word_1_107' title='bbox 1439 1634 1692 1717; x_wconf 79' lang='lat' dir='ltr'><strong>futuriS,</strong></span> <span class='ocrx_word' id='word_1_108' title='bbox 1736 1657 1811 1698; x_wconf 91' lang='lat' dir='ltr'><strong>ac</strong></span> <span class='ocrx_word' id='word_1_109' title='bbox 1853 1657 1973 1721; x_wconf 88' lang='lat' dir='ltr'><strong>pro</strong></span> <span class='ocrx_word' id='word_1_110' title='bbox 2018 1641 2315 1720; x_wconf 89' lang='lat' dir='ltr'><strong>tempore</strong></span> <span class='ocrx_word' id='word_1_111' title='bbox 2340 1632 2771 1698; x_wconf 82' lang='lat' dir='ltr'><strong>existentibus</strong></span> 
     </span>
     <span class='ocr_line' id='line_1_15' title="bbox 362 1732 2769 1824; baseline -0.001 -25"><span class='ocrx_word' id='word_1_112' title='bbox 362 1734 1008 1799; x_wconf 87' lang='lat' dir='ltr'><strong>Paderbornensibus</strong></span> <span class='ocrx_word' id='word_1_113' title='bbox 1060 1733 1398 1824; x_wconf 88' lang='lat' dir='ltr'><strong>Episcopis</strong></span> <span class='ocrx_word' id='word_1_114' title='bbox 1463 1743 1783 1823; x_wconf 87' lang='lat' dir='ltr'><strong>perpetuo</strong></span> <span class='ocrx_word' id='word_1_115' title='bbox 1839 1732 2374 1800; x_wconf 85' lang='lat' dir='ltr'><strong>administrandas</strong></span> <span class='ocrx_word' id='word_1_116' title='bbox 2418 1732 2769 1798; x_wconf 85' lang='lat' dir='ltr'><strong>Paroecias</strong></span> 
     </span>
     <span class='ocr_line' id='line_1_16' title="bbox 360 1823 2767 1922; baseline -0.002 -24"><span class='ocrx_word' id='word_1_117' title='bbox 360 1873 445 1882; x_wconf 91' lang='lat'><strong>—-</strong></span> <span class='ocrx_word' id='word_1_118' title='bbox 485 1834 896 1898; x_wconf 87' lang='lat' dir='ltr'><strong>Mindensem</strong></span> <span class='ocrx_word' id='word_1_119' title='bbox 940 1835 1314 1900; x_wconf 76' lang='lat' dir='ltr'><strong>--scilicet</strong></span> <span class='ocrx_word' id='word_1_120' title='bbox 1361 1835 1429 1899; x_wconf 88' lang='lat' dir='ltr'><strong>in</strong></span> <span class='ocrx_word' id='word_1_121' title='bbox 1473 1835 1901 1922; x_wconf 86' lang='lat' dir='ltr'><strong>Westphalia‚</strong></span> <span class='ocrx_word' id='word_1_122' title='bbox 1948 1843 2015 1898; x_wconf 86' lang='lat' dir='ltr'><strong>et</strong></span> <span class='ocrx_word' id='word_1_123' title='bbox 2054 1833 2122 1896; x_wconf 87' lang='lat' dir='ltr'><strong>in</strong></span> <span class='ocrx_word' id='word_1_124' title='bbox 2165 1823 2506 1898; x_wconf 86' lang='lat' dir='ltr'><strong>Provincia</strong></span> <span class='ocrx_word' id='word_1_125' title='bbox 2556 1830 2767 1898; x_wconf 82' lang='lat' dir='ltr'><strong>Saxo-</strong></span> 
     </span>
     <span class='ocr_line' id='line_1_17' title="bbox 367 1933 2769 2000; baseline -0.001 -2"><span class='ocrx_word' id='word_1_126' title='bbox 367 1934 514 1998; x_wconf 86' lang='lat' dir='ltr'><strong>niae</strong></span> <span class='ocrx_word' id='word_1_127' title='bbox 575 1971 651 1980; x_wconf 91' lang='lat'><strong>—</strong></span> <span class='ocrx_word' id='word_1_128' title='bbox 697 1933 1114 2000; x_wconf 87' lang='lat' dir='ltr'><strong>Adersleben</strong></span> <span class='ocrx_word' id='word_1_129' title='bbox 1170 1972 1252 1982; x_wconf 92' lang='lat'><strong>—-</strong></span> <span class='ocrx_word' id='word_1_130' title='bbox 1314 1934 1905 1999; x_wconf 83' lang='lat' dir='ltr'><strong>Althaldensleben</strong></span> <span class='ocrx_word' id='word_1_131' title='bbox 1973 1969 2057 1981; x_wconf 89' lang='lat'><strong>—-</strong></span> <span class='ocrx_word' id='word_1_132' title='bbox 2106 1933 2629 1998; x_wconf 88' lang='lat' dir='ltr'><strong>Ammensleben</strong></span> <span class='ocrx_word' id='word_1_133' title='bbox 2688 1968 2769 1981; x_wconf 89' lang='lat'><strong>-—-</strong></span> 
     </span>
     <span class='ocr_line' id='line_1_18' title="bbox 365 2031 2773 2116; baseline -0.001 -18"><span class='ocrx_word' id='word_1_134' title='bbox 365 2033 852 2099; x_wconf 87' lang='lat' dir='ltr'><strong>Aschersleben</strong></span> <span class='ocrx_word' id='word_1_135' title='bbox 904 2069 992 2082; x_wconf 83' lang='lat'><strong>——-</strong></span> <span class='ocrx_word' id='word_1_136' title='bbox 1045 2033 1567 2100; x_wconf 87' lang='lat' dir='ltr'><strong>Hadmersleben</strong></span> <span class='ocrx_word' id='word_1_137' title='bbox 1625 2071 1701 2082; x_wconf 89' lang='lat'><strong>—-</strong></span> <span class='ocrx_word' id='word_1_138' title='bbox 1760 2034 2085 2100; x_wconf 76' lang='lat' dir='ltr'><strong>Ecclesiae</strong></span> <span class='ocrx_word' id='word_1_139' title='bbox 2144 2031 2243 2099; x_wconf 88' lang='lat' dir='ltr'><strong>St.</strong></span> <span class='ocrx_word' id='word_1_140' title='bbox 2286 2032 2599 2099; x_wconf 84' lang='lat' dir='ltr'><strong>Andreae</strong></span> <span class='ocrx_word' id='word_1_141' title='bbox 2623 2081 2643 2116; x_wconf 93' lang='lat'><strong>,</strong></span> <span class='ocrx_word' id='word_1_142' title='bbox 2708 2041 2773 2097; x_wconf 90' lang='lat' dir='ltr'><strong>et</strong></span> 
     </span>
     <span class='ocr_line' id='line_1_19' title="bbox 364 2132 2771 2200; baseline -0.001 -2"><span class='ocrx_word' id='word_1_143' title='bbox 364 2142 620 2200; x_wconf 85' lang='lat' dir='ltr'><strong>sanctae</strong></span> <span class='ocrx_word' id='word_1_144' title='bbox 665 2132 1050 2200; x_wconf 81' lang='lat' dir='ltr'><strong>Gatharinae</strong></span> <span class='ocrx_word' id='word_1_145' title='bbox 1091 2135 1532 2200; x_wconf 87' lang='lat' dir='ltr'><strong>Halberstadii</strong></span> <span class='ocrx_word' id='word_1_146' title='bbox 1579 2174 1655 2183; x_wconf 95' lang='lat'>—</span> <span class='ocrx_word' id='word_1_147' title='bbox 1698 2135 2173 2200; x_wconf 81' lang='lat' dir='ltr'><strong>Hamersleben</strong></span> <span class='ocrx_word' id='word_1_148' title='bbox 2202 2171 2273 2180; x_wconf 78' lang='lat'><strong>—-</strong></span> <span class='ocrx_word' id='word_1_149' title='bbox 2306 2132 2771 2198; x_wconf 89' lang='lat' dir='ltr'><strong>Hedersleben</strong></span> 
     </span>
     <span class='ocr_line' id='line_1_20' title="bbox 363 2233 2769 2321; baseline 0 -23"><span class='ocrx_word' id='word_1_150' title='bbox 363 2271 443 2284; x_wconf 91' lang='lat'><strong>—-</strong></span> <span class='ocrx_word' id='word_1_151' title='bbox 492 2234 854 2320; x_wconf 82' lang='lat' dir='ltr'><strong>Huysburg</strong></span> <span class='ocrx_word' id='word_1_152' title='bbox 894 2269 980 2281; x_wconf 82' lang='lat'><strong>-—</strong></span> <span class='ocrx_word' id='word_1_153' title='bbox 1019 2234 1436 2321; x_wconf 88' lang='lat' dir='ltr'><strong>Magdeburg</strong></span> <span class='ocrx_word' id='word_1_154' title='bbox 1490 2273 1576 2284; x_wconf 81' lang='lat'><strong>—-</strong></span> <span class='ocrx_word' id='word_1_155' title='bbox 1617 2235 2038 2302; x_wconf 86' lang='lat' dir='ltr'><strong>Marienbeck</strong></span> <span class='ocrx_word' id='word_1_156' title='bbox 2085 2271 2161 2282; x_wconf 94' lang='lat'><strong>—-</strong></span> <span class='ocrx_word' id='word_1_157' title='bbox 2212 2233 2645 2298; x_wconf 84' lang='lat' dir='ltr'><strong>Marienstuhl</strong></span> <span class='ocrx_word' id='word_1_158' title='bbox 2688 2269 2769 2280; x_wconf 87' lang='lat'><strong>—-</strong></span> 
     </span>
     <span class='ocr_line' id='line_1_21' title="bbox 364 2332 2768 2421; baseline -0.001 -22"><span class='ocrx_word' id='word_1_159' title='bbox 364 2334 767 2420; x_wconf 85' lang='lat' dir='ltr'><strong>Meyendorf</strong></span> <span class='ocrx_word' id='word_1_160' title='bbox 799 2370 880 2383; x_wconf 89' lang='lat'><strong>-—-</strong></span> <span class='ocrx_word' id='word_1_161' title='bbox 925 2332 1202 2400; x_wconf 85' lang='lat' dir='ltr'><strong>Stendal</strong></span> <span class='ocrx_word' id='word_1_162' title='bbox 1247 2373 1335 2384; x_wconf 85' lang='lat'><strong>-—-</strong></span> <span class='ocrx_word' id='word_1_163' title='bbox 1370 2336 1565 2400; x_wconf 89' lang='lat' dir='ltr'><strong>Halle</strong></span> <span class='ocrx_word' id='word_1_164' title='bbox 1606 2371 1694 2408; x_wconf 69' lang='lat'><strong>-—,-</strong></span> <span class='ocrx_word' id='word_1_165' title='bbox 1738 2344 1803 2398; x_wconf 88' lang='lat' dir='ltr'><strong>et</strong></span> <span class='ocrx_word' id='word_1_166' title='bbox 1843 2335 2049 2421; x_wconf 89' lang='lat' dir='ltr'><strong>Burg.</strong></span> <span class='ocrx_word' id='word_1_167' title='bbox 2088 2372 2173 2382; x_wconf 86' lang='lat'><strong>—-—</strong></span> <span class='ocrx_word' id='word_1_168' title='bbox 2214 2334 2501 2399; x_wconf 87' lang='lat' dir='ltr'><strong>Attentis</strong></span> <span class='ocrx_word' id='word_1_169' title='bbox 2552 2343 2768 2398; x_wconf 84' lang='lat' dir='ltr'><strong>autem</strong></span> 
     </span>
     <span class='ocr_line' id='line_1_22' title="bbox 363 2433 2764 2522; baseline -0 -24"><span class='ocrx_word' id='word_1_170' title='bbox 363 2433 733 2521; x_wconf 88' lang='lat' dir='ltr'><strong>grandaeva</strong></span> <span class='ocrx_word' id='word_1_171' title='bbox 773 2441 1004 2518; x_wconf 88' lang='lat' dir='ltr'><strong>aetate,</strong></span> <span class='ocrx_word' id='word_1_172' title='bbox 1042 2458 1118 2499; x_wconf 88' lang='lat' dir='ltr'><strong>ac</strong></span> <span class='ocrx_word' id='word_1_173' title='bbox 1165 2436 1454 2522; x_wconf 86' lang='lat' dir='ltr'><strong>egregiis</strong></span> <span class='ocrx_word' id='word_1_174' title='bbox 1501 2435 1585 2500; x_wconf 91' lang='lat' dir='ltr'><strong>de</strong></span> <span class='ocrx_word' id='word_1_175' title='bbox 1631 2436 1964 2519; x_wconf 86' lang='lat' dir='ltr'><strong>Ecclesia,</strong></span> <span class='ocrx_word' id='word_1_176' title='bbox 2004 2444 2075 2500; x_wconf 84' lang='lat' dir='ltr'><strong>et</strong></span> <span class='ocrx_word' id='word_1_177' title='bbox 2121 2434 2231 2498; x_wconf 74' lang='lat' dir='ltr'><strong>de·</strong></span> <span class='ocrx_word' id='word_1_178' title='bbox 2257 2433 2595 2500; x_wconf 85' lang='lat' dir='ltr'><strong>Catholica</strong></span> <span class='ocrx_word' id='word_1_179' title='bbox 2638 2435 2764 2500; x_wconf 85' lang='lat' dir='ltr'><strong>Re-</strong></span> 
     </span>
     <span class='ocr_line' id='line_1_23' title="bbox 365 2531 2767 2620; baseline 0.001 -24"><span class='ocrx_word' id='word_1_180' title='bbox 365 2533 612 2620; x_wconf 89' lang='lat' dir='ltr'><strong>ligione</strong></span> <span class='ocrx_word' id='word_1_181' title='bbox 679 2534 947 2616; x_wconf 89' lang='lat' dir='ltr'><strong>meritis,</strong></span> <span class='ocrx_word' id='word_1_182' title='bbox 998 2535 1390 2600; x_wconf 88' lang='lat' dir='ltr'><strong>venerabilis</strong></span> <span class='ocrx_word' id='word_1_183' title='bbox 1431 2535 1677 2602; x_wconf 83' lang='lat' dir='ltr'><strong>Fratris</strong></span> <span class='ocrx_word' id='word_1_184' title='bbox 1720 2535 2048 2600; x_wconf 84' lang='lat' dir='ltr'><strong>Francisci</strong></span> <span class='ocrx_word' id='word_1_185' title='bbox 2091 2535 2339 2620; x_wconf 87' lang='lat' dir='ltr'><strong>Egonis</strong></span> <span class='ocrx_word' id='word_1_186' title='bbox 2386 2559 2424 2599; x_wconf 90' lang='lat' dir='ltr'><strong>a</strong></span> <span class='ocrx_word' id='word_1_187' title='bbox 2466 2531 2767 2598; x_wconf 81' lang='lat' dir='ltr'><strong>Fiirsten-</strong></span> 
     </span>
     <span class='ocr_line' id='line_1_24' title="bbox 368 2633 2766 2722; baseline -0.001 -22"><span class='ocrx_word' id='word_1_188' title='bbox 368 2635 534 2720; x_wconf 88' lang='lat' dir='ltr'><strong>berg</strong></span> <span class='ocrx_word' id='word_1_189' title='bbox 591 2634 1120 2722; x_wconf 86' lang='lat' dir='ltr'><strong>praestantissimi</strong></span> <span class='ocrx_word' id='word_1_190' title='bbox 1168 2635 1600 2701; x_wconf 87' lang='lat' dir='ltr'><strong>Hildesiensis</strong></span> <span class='ocrx_word' id='word_1_191' title='bbox 1621 2685 1641 2720; x_wconf 90' lang='lat'><strong>,</strong></span> <span class='ocrx_word' id='word_1_192' title='bbox 1706 2659 1781 2700; x_wconf 87' lang='lat' dir='ltr'><strong>ac</strong></span> <span class='ocrx_word' id='word_1_193' title='bbox 1821 2635 2375 2700; x_wconf 84' lang='lat' dir='ltr'><strong>Paderbornensis</strong></span> <span class='ocrx_word' id='word_1_194' title='bbox 2418 2633 2766 2716; x_wconf 74' lang='lat' dir='ltr'><strong>PraesuliS,</strong></span> 
     </span>
     <span class='ocr_line' id='line_1_25' title="bbox 368 2735 2767 2823; baseline 0 -26"><span class='ocrx_word' id='word_1_195' title='bbox 368 2757 442 2798; x_wconf 89' lang='lat' dir='ltr'><strong>ac</strong></span> <span class='ocrx_word' id='word_1_196' title='bbox 469 2735 850 2798; x_wconf 85' lang='lat' dir='ltr'><strong>Missionum</strong></span> <span class='ocrx_word' id='word_1_197' title='bbox 897 2736 1517 2822; x_wconf 84' lang='lat' dir='ltr'><strong>septemtrionalium</strong></span> <span class='ocrx_word' id='word_1_198' title='bbox 1539 2735 1783 2800; x_wconf 88' lang='lat' dir='ltr'><strong>Vicarii</strong></span> <span class='ocrx_word' id='word_1_199' title='bbox 1830 2735 2213 2822; x_wconf 86' lang='lat' dir='ltr'><strong>Apostolici,</strong></span> <span class='ocrx_word' id='word_1_200' title='bbox 2264 2757 2347 2799; x_wconf 89' lang='lat' dir='ltr'><strong>ne</strong></span> <span class='ocrx_word' id='word_1_201' title='bbox 2392 2735 2515 2823; x_wconf 87' lang='lat' dir='ltr'><strong>ipsi</strong></span> <span class='ocrx_word' id='word_1_202' title='bbox 2564 2755 2767 2800; x_wconf 83' lang='lat' dir='ltr'><strong>novae</strong></span> 
     </span>
     <span class='ocr_line' id='line_1_26' title="bbox 369 2832 2765 2920; baseline 0 -22"><span class='ocrx_word' id='word_1_203' title='bbox 369 2833 938 2899; x_wconf 82' lang='lat' dir='ltr'><strong>administrationis</strong></span> <span class='ocrx_word' id='word_1_204' title='bbox 975 2858 1136 2900; x_wconf 90' lang='lat' dir='ltr'><strong>onus</strong></span> <span class='ocrx_word' id='word_1_205' title='bbox 1163 2835 1572 2920; x_wconf 86' lang='lat' dir='ltr'><strong>adiungatur,</strong></span> <span class='ocrx_word' id='word_1_206' title='bbox 1620 2835 2046 2917; x_wconf 78' lang='lat' dir='ltr'><strong>decernimuS,</strong></span> <span class='ocrx_word' id='word_1_207' title='bbox 2094 2844 2161 2900; x_wconf 87' lang='lat' dir='ltr'><strong>et</strong></span> <span class='ocrx_word' id='word_1_208' title='bbox 2189 2834 2567 2899; x_wconf 83' lang='lat' dir='ltr'><strong>mandamus</strong></span> <span class='ocrx_word' id='word_1_209' title='bbox 2604 2832 2765 2899; x_wconf 88' lang='lat' dir='ltr'><strong>nihil</strong></span> 
     </span>
     <span class='ocr_line' id='line_1_27' title="bbox 377 2933 2769 3024; baseline -0 -26"><span class='ocrx_word' id='word_1_210' title='bbox 377 2933 545 2998; x_wconf 85' lang='lat' dir='ltr'><strong>circa</strong></span> <span class='ocrx_word' id='word_1_211' title='bbox 590 2933 784 2998; x_wconf 87' lang='lat' dir='ltr'><strong>talem</strong></span> <span class='ocrx_word' id='word_1_212' title='bbox 803 2933 1184 2999; x_wconf 86' lang='lat' dir='ltr'><strong>Antistitem</strong></span> <span class='ocrx_word' id='word_1_213' title='bbox 1228 2936 1294 3000; x_wconf 92' lang='lat' dir='ltr'><strong>in</strong></span> <span class='ocrx_word' id='word_1_214' title='bbox 1339 2957 1645 3024; x_wconf 87' lang='lat' dir='ltr'><strong>praesens</strong></span> <span class='ocrx_word' id='word_1_215' title='bbox 1694 2957 1837 2999; x_wconf 86' lang='lat' dir='ltr'><strong>esse</strong></span> <span class='ocrx_word' id='word_1_216' title='bbox 1879 2933 2337 3016; x_wconf 87' lang='lat' dir='ltr'><strong>innovandum,</strong></span> <span class='ocrx_word' id='word_1_217' title='bbox 2386 2934 2503 2998; x_wconf 90' lang='lat' dir='ltr'><strong>sed</strong></span> <span class='ocrx_word' id='word_1_218' title='bbox 2546 2941 2769 2998; x_wconf 86' lang='lat' dir='ltr'><strong>cuncta</strong></span> 
     </span>
     <span class='ocr_line' id='line_1_28' title="bbox 369 3034 2759 3121; baseline 0 -24"><span class='ocrx_word' id='word_1_219' title='bbox 369 3034 437 3098; x_wconf 89' lang='lat' dir='ltr'><strong>in</strong></span> <span class='ocrx_word' id='word_1_220' title='bbox 482 3056 578 3114; x_wconf 87' lang='lat' dir='ltr'><strong>ec,</strong></span> <span class='ocrx_word' id='word_1_221' title='bbox 623 3055 750 3118; x_wconf 88' lang='lat' dir='ltr'><strong>quo</strong></span> <span class='ocrx_word' id='word_1_222' title='bbox 795 3057 968 3098; x_wconf 90' lang='lat' dir='ltr'><strong>nunc</strong></span> <span class='ocrx_word' id='word_1_223' title='bbox 1005 3035 1420 3121; x_wconf 87' lang='lat' dir='ltr'><strong>reperiuntur</strong></span> <span class='ocrx_word' id='word_1_224' title='bbox 1458 3043 1625 3101; x_wconf 88' lang='lat' dir='ltr'><strong>statu</strong></span> <span class='ocrx_word' id='word_1_225' title='bbox 1666 3035 1913 3100; x_wconf 87' lang='lat' dir='ltr'><strong>interea</strong></span> <span class='ocrx_word' id='word_1_226' title='bbox 1936 3035 2339 3120; x_wconf 78' lang='lat' dir='ltr'><strong>reliquendO,</strong></span> <span class='ocrx_word' id='word_1_227' title='bbox 2376 3035 2759 3098; x_wconf 74' lang='lat' dir='ltr'><strong>antedictam</strong></span> 
     </span>
     <span class='ocr_line' id='line_1_29' title="bbox 368 3133 2755 3224; baseline -0.001 -25"><span class='ocrx_word' id='word_1_228' title='bbox 368 3133 923 3199; x_wconf 87' lang='lat' dir='ltr'><strong>Paderbornensis</strong></span> <span class='ocrx_word' id='word_1_229' title='bbox 965 3135 1304 3200; x_wconf 88' lang='lat' dir='ltr'><strong>Dioecesis</strong></span> <span class='ocrx_word' id='word_1_230' title='bbox 1367 3137 1849 3224; x_wconf 87' lang='lat' dir='ltr'><strong>ampliationem</strong></span> <span class='ocrx_word' id='word_1_231' title='bbox 1914 3158 1991 3200; x_wconf 91' lang='lat' dir='ltr'><strong>eo</strong></span> <span class='ocrx_word' id='word_1_232' title='bbox 2065 3135 2399 3200; x_wconf 82' lang='lat' dir='ltr'><strong>dumtaxat</strong></span> <span class='ocrx_word' id='word_1_233' title='bbox 2461 3144 2755 3222; x_wconf 87' lang='lat' dir='ltr'><strong>tempore</strong></span> 
     </span>
     <span class='ocr_line' id='line_1_30' title="bbox 374 3232 2757 3324; baseline 0 -27"><span class='ocrx_word' id='word_1_234' title='bbox 374 3257 562 3298; x_wconf 85' lang='lat' dir='ltr'><strong>suum</strong></span> <span class='ocrx_word' id='word_1_235' title='bbox 609 3232 910 3298; x_wconf 86' lang='lat' dir='ltr'><strong>effectum</strong></span> <span class='ocrx_word' id='word_1_236' title='bbox 952 3235 1168 3300; x_wconf 85' lang='lat' dir='ltr'><strong>sortiri</strong></span> <span class='ocrx_word' id='word_1_237' title='bbox 1226 3237 1468 3302; x_wconf 89' lang='lat' dir='ltr'><strong>debere</strong></span> <span class='ocrx_word' id='word_1_238' title='bbox 1492 3287 1513 3319; x_wconf 91' lang='lat'><strong>,</strong></span> <span class='ocrx_word' id='word_1_239' title='bbox 1576 3261 1721 3301; x_wconf 88' lang='lat' dir='ltr'><strong>cum</strong></span> <span class='ocrx_word' id='word_1_240' title='bbox 1768 3235 2137 3324; x_wconf 84' lang='lat' dir='ltr'><strong>Episcopali</strong></span> <span class='ocrx_word' id='word_1_241' title='bbox 2198 3235 2354 3300; x_wconf 89' lang='lat' dir='ltr'><strong>sede</strong></span> <span class='ocrx_word' id='word_1_242' title='bbox 2400 3234 2757 3301; x_wconf 88' lang='lat' dir='ltr'><strong>Paderbor-</strong></span> 
     </span>
     <span class='ocr_line' id='line_1_31' title="bbox 373 3334 2763 3423; baseline 0 -25"><span class='ocrx_word' id='word_1_243' title='bbox 373 3334 558 3398; x_wconf 85' lang='lat' dir='ltr'><strong>nensi</strong></span> <span class='ocrx_word' id='word_1_244' title='bbox 619 3334 700 3398; x_wconf 89' lang='lat' dir='ltr'><strong>de</strong></span> <span class='ocrx_word' id='word_1_245' title='bbox 741 3334 982 3401; x_wconf 88' lang='lat' dir='ltr'><strong>laudati</strong></span> <span class='ocrx_word' id='word_1_246' title='bbox 1027 3335 1354 3401; x_wconf 87' lang='lat' dir='ltr'><strong>Antistitis</strong></span> <span class='ocrx_word' id='word_1_247' title='bbox 1396 3336 1721 3402; x_wconf 86' lang='lat' dir='ltr'><strong>Francisci</strong></span> <span class='ocrx_word' id='word_1_248' title='bbox 1768 3336 2029 3423; x_wconf 88' lang='lat' dir='ltr'><strong>Egonis-</strong></span> <span class='ocrx_word' id='word_1_249' title='bbox 2064 3337 2353 3401; x_wconf 88' lang='lat' dir='ltr'><strong>Persona</strong></span> <span class='ocrx_word' id='word_1_250' title='bbox 2416 3334 2763 3419; x_wconf 88' lang='lat' dir='ltr'><strong>quomodo-</strong></span> 
     </span>
     <span class='ocr_line' id='line_1_32' title="bbox 373 3433 2762 3526; baseline 0.001 -30"><span class='ocrx_word' id='word_1_251' title='bbox 373 3453 646 3516; x_wconf 82' lang='lat' dir='ltr'><strong>cumque</strong></span> <span class='ocrx_word' id='word_1_252' title='bbox 705 3433 954 3497; x_wconf 88' lang='lat' dir='ltr'><strong>vacanti</strong></span> <span class='ocrx_word' id='word_1_253' title='bbox 1018 3458 1221 3500; x_wconf 88' lang='lat' dir='ltr'><strong>novus</strong></span> <span class='ocrx_word' id='word_1_254' title='bbox 1264 3437 1625 3526; x_wconf 85' lang='lat' dir='ltr'><strong>Episcopus</strong></span> <span class='ocrx_word' id='word_1_255' title='bbox 1668 3436 2091 3524; x_wconf 86' lang='lat' dir='ltr'><strong>Apostolicae</strong></span> <span class='ocrx_word' id='word_1_256' title='bbox 2160 3436 2333 3501; x_wconf 89' lang='lat' dir='ltr'><strong>sedis</strong></span> <span class='ocrx_word' id='word_1_257' title='bbox 2392 3436 2762 3501; x_wconf 82' lang='lat' dir='ltr'><strong>auctoritate</strong></span> 
     </span>
     <span class='ocr_line' id='line_1_33' title="bbox 374 3532 2759 3620; baseline 0 -24"><span class='ocrx_word' id='word_1_258' title='bbox 374 3533 760 3598; x_wconf 89' lang='lat' dir='ltr'><strong>instituetur.</strong></span> <span class='ocrx_word' id='word_1_259' title='bbox 805 3534 1063 3598; x_wconf 85' lang='lat' dir='ltr'><strong>Interea</strong></span> <span class='ocrx_word' id='word_1_260' title='bbox 1103 3557 1260 3600; x_wconf 85' lang='lat' dir='ltr'><strong>vero</strong></span> <span class='ocrx_word' id='word_1_261' title='bbox 1309 3538 1523 3601; x_wconf 88' lang='lat' dir='ltr'><strong>omnia</strong></span> <span class='ocrx_word' id='word_1_262' title='bbox 1568 3537 1759 3619; x_wconf 87' lang='lat' dir='ltr'><strong>Loca,</strong></span> <span class='ocrx_word' id='word_1_263' title='bbox 1811 3547 1875 3601; x_wconf 90' lang='lat' dir='ltr'><strong>et</strong></span> <span class='ocrx_word' id='word_1_264' title='bbox 1914 3537 2296 3618; x_wconf 86' lang='lat' dir='ltr'><strong>Paroeciae,</strong></span> <span class='ocrx_word' id='word_1_265' title='bbox 2346 3556 2509 3620; x_wconf 87' lang='lat' dir='ltr'><strong>quae</strong></span> <span class='ocrx_word' id='word_1_266' title='bbox 2559 3559 2597 3598; x_wconf 90' lang='lat' dir='ltr'><strong>a</strong></span> <span class='ocrx_word' id='word_1_267' title='bbox 2641 3532 2759 3598; x_wconf 86' lang='lat' dir='ltr'><strong>Co-</strong></span> 
     </span>
     <span class='ocr_line' id='line_1_34' title="bbox 369 3632 2763 3724; baseline 0 -28"><span class='ocrx_word' id='word_1_268' title='bbox 369 3632 666 3716; x_wconf 89' lang='lat' dir='ltr'><strong>loniensi,</strong></span> <span class='ocrx_word' id='word_1_269' title='bbox 713 3641 778 3696; x_wconf 86' lang='lat' dir='ltr'><strong>et</strong></span> <span class='ocrx_word' id='word_1_270' title='bbox 823 3633 1313 3720; x_wconf 78' lang='lat' dir='ltr'><strong>osnabrugensi</strong></span> <span class='ocrx_word' id='word_1_271' title='bbox 1356 3637 1787 3703; x_wconf 86' lang='lat' dir='ltr'><strong>Dioecesibus</strong></span> <span class='ocrx_word' id='word_1_272' title='bbox 1844 3647 1917 3702; x_wconf 91' lang='lat' dir='ltr'><strong>ut</strong></span> <span class='ocrx_word' id='word_1_273' title='bbox 1958 3660 2159 3724; x_wconf 88' lang='lat' dir='ltr'><strong>supra</strong></span> <span class='ocrx_word' id='word_1_274' title='bbox 2204 3636 2763 3713; x_wconf 69' lang='lat' dir='ltr'><strong>dismembrantur7</strong></span> 
     </span>
     <span class='ocr_line' id='line_1_35' title="bbox 373 3733 2761 3824; baseline 0.001 -28"><span class='ocrx_word' id='word_1_275' title='bbox 373 3733 908 3798; x_wconf 88' lang='lat' dir='ltr'><strong>administrationi</strong></span> <span class='ocrx_word' id='word_1_276' title='bbox 954 3736 1298 3822; x_wconf 88' lang='lat' dir='ltr'><strong>peculiaris</strong></span> <span class='ocrx_word' id='word_1_277' title='bbox 1338 3737 1583 3801; x_wconf 87' lang='lat' dir='ltr'><strong>Vicarii</strong></span> <span class='ocrx_word' id='word_1_278' title='bbox 1634 3737 1690 3801; x_wconf 90' lang='lat' dir='ltr'>A</span> <span class='ocrx_word' id='word_1_279' title='bbox 1697 3737 1995 3824; x_wconf 84' lang='lat' dir='ltr'><strong>postolici</strong></span> <span class='ocrx_word' id='word_1_280' title='bbox 2038 3761 2075 3800; x_wconf 88' lang='lat' dir='ltr'><strong>a</strong></span> <span class='ocrx_word' id='word_1_281' title='bbox 2107 3737 2323 3803; x_wconf 85' lang='lat' dir='ltr'><strong>Nobis</strong></span> <span class='ocrx_word' id='word_1_282' title='bbox 2372 3734 2761 3803; x_wconf 87' lang='lat' dir='ltr'><strong>committen-</strong></span> 
     </span>
     <span class='ocr_line' id='line_1_36' title="bbox 377 3833 2761 3925; baseline -0.001 -28"><span class='ocrx_word' id='word_1_283' title='bbox 377 3841 499 3916; x_wconf 88' lang='lat' dir='ltr'><strong>tur,</strong></span> <span class='ocrx_word' id='word_1_284' title='bbox 544 3843 618 3898; x_wconf 86' lang='lat' dir='ltr'><strong>ut</strong></span> <span class='ocrx_word' id='word_1_285' title='bbox 655 3834 814 3899; x_wconf 89' lang='lat' dir='ltr'><strong>inibi</strong></span> <span class='ocrx_word' id='word_1_286' title='bbox 862 3856 1069 3920; x_wconf 87' lang='lat' dir='ltr'><strong>usque</strong></span> <span class='ocrx_word' id='word_1_287' title='bbox 1109 3837 1192 3900; x_wconf 86' lang='lat' dir='ltr'><strong>ad</strong></span> <span class='ocrx_word' id='word_1_288' title='bbox 1233 3836 1787 3902; x_wconf 86' lang='lat' dir='ltr'><strong>Paderbornensis</strong></span> <span class='ocrx_word' id='word_1_289' title='bbox 1830 3837 2233 3925; x_wconf 87' lang='lat' dir='ltr'><strong>Episcopalis</strong></span> <span class='ocrx_word' id='word_1_290' title='bbox 2280 3835 2451 3900; x_wconf 88' lang='lat' dir='ltr'><strong>sedis</strong></span> <span class='ocrx_word' id='word_1_291' title='bbox 2498 3833 2761 3898; x_wconf 84' lang='lat' dir='ltr'><strong>vacatio-</strong></span> 
     </span>
     <span class='ocr_line' id='line_1_37' title="bbox 374 3933 2760 4025; baseline -0.001 -28"><span class='ocrx_word' id='word_1_292' title='bbox 374 3955 545 4015; x_wconf 89' lang='lat' dir='ltr'><strong>nem,</strong></span> <span class='ocrx_word' id='word_1_293' title='bbox 591 3957 667 3998; x_wconf 91' lang='lat' dir='ltr'><strong>ac</strong></span> <span class='ocrx_word' id='word_1_294' title='bbox 706 3935 905 4000; x_wconf 87' lang='lat' dir='ltr'><strong>futuri</strong></span> <span class='ocrx_word' id='word_1_295' title='bbox 949 3935 1100 4000; x_wconf 84' lang='lat' dir='ltr'><strong>novi</strong></span> <span class='ocrx_word' id='word_1_296' title='bbox 1141 3936 1449 4025; x_wconf 88' lang='lat' dir='ltr'><strong>Episcopi</strong></span> <span class='ocrx_word' id='word_1_297' title='bbox 1490 3937 1977 4020; x_wconf 87' lang='lat' dir='ltr'><strong>institutionem,</strong></span> <span class='ocrx_word' id='word_1_298' title='bbox 2024 3946 2329 4002; x_wconf 83' lang='lat' dir='ltr'><strong>exerceat</strong></span> <span class='ocrx_word' id='word_1_299' title='bbox 2364 3933 2760 4023; x_wconf 82' lang='lat' dir='ltr'><strong>spiritualem</strong></span> 
     </span>
     <span class='ocr_line' id='line_1_38' title="bbox 372 4028 2759 4124; baseline -0.002 -27"><span class='ocrx_word' id='word_1_300' title='bbox 372 4034 923 4102; x_wconf 87' lang='lat' dir='ltr'><strong>iurisdictionem:</strong></span> <span class='ocrx_word' id='word_1_301' title='bbox 971 4044 1162 4120; x_wconf 88' lang='lat' dir='ltr'><strong>atque</strong></span> <span class='ocrx_word' id='word_1_302' title='bbox 1203 4037 1472 4124; x_wconf 88' lang='lat' dir='ltr'><strong>insuper</strong></span> <span class='ocrx_word' id='word_1_303' title='bbox 1516 4037 1639 4101; x_wconf 90' lang='lat' dir='ltr'><strong>alia</strong></span> <span class='ocrx_word' id='word_1_304' title='bbox 1679 4037 1841 4120; x_wconf 86' lang='lat' dir='ltr'><strong>loca,</strong></span> <span class='ocrx_word' id='word_1_305' title='bbox 1886 4045 1953 4101; x_wconf 89' lang='lat' dir='ltr'><strong>et</strong></span> <span class='ocrx_word' id='word_1_306' title='bbox 1992 4037 2341 4102; x_wconf 85' lang='lat' dir='ltr'><strong>Paroeeiae</strong></span> <span class='ocrx_word' id='word_1_307' title='bbox 2386 4061 2423 4100; x_wconf 87' lang='lat' dir='ltr'><strong>a</strong></span> <span class='ocrx_word' id='word_1_308' title='bbox 2462 4028 2759 4101; x_wconf 87' lang='lat' dir='ltr'><strong>Dioecesi</strong></span> 
     </span>
     <span class='ocr_line' id='line_1_39' title="bbox 378 4134 2757 4224; baseline -0.002 -26"><span class='ocrx_word' id='word_1_309' title='bbox 378 4134 531 4198; x_wconf 91' lang='lat' dir='ltr'><strong>olim</strong></span> <span class='ocrx_word' id='word_1_310' title='bbox 579 4135 965 4221; x_wconf 89' lang='lat' dir='ltr'><strong>Moguntina</strong></span> <span class='ocrx_word' id='word_1_311' title='bbox 1005 4144 1232 4224; x_wconf 88' lang='lat' dir='ltr'><strong>postea</strong></span> <span class='ocrx_word' id='word_1_312' title='bbox 1275 4136 1731 4204; x_wconf 82' lang='lat' dir='ltr'><strong>Ratisbonensi</strong></span> <span class='ocrx_word' id='word_1_313' title='bbox 1792 4136 2145 4220; x_wconf 85' lang='lat' dir='ltr'><strong>disiuncta,</strong></span> <span class='ocrx_word' id='word_1_314' title='bbox 2210 4145 2275 4200; x_wconf 90' lang='lat' dir='ltr'><strong>et</strong></span> <span class='ocrx_word' id='word_1_315' title='bbox 2316 4137 2395 4200; x_wconf 85' lang='lat' dir='ltr'><strong>ab</strong></span> <span class='ocrx_word' id='word_1_316' title='bbox 2440 4134 2757 4223; x_wconf 85' lang='lat' dir='ltr'><strong>Episcopo</strong></span> 
     </span>
     <span class='ocr_line' id='line_1_40' title="bbox 375 4234 2758 4321; baseline -0.002 -24"><span class='ocrx_word' id='word_1_317' title='bbox 375 4234 627 4321; x_wconf 89' lang='lat' dir='ltr'><strong>pridem</strong></span> <span class='ocrx_word' id='word_1_318' title='bbox 660 4234 1060 4319; x_wconf 84' lang='lat' dir='ltr'><strong>Corbeiensi,</strong></span> <span class='ocrx_word' id='word_1_319' title='bbox 1101 4260 1272 4301; x_wconf 91' lang='lat' dir='ltr'><strong>nunc</strong></span> <span class='ocrx_word' id='word_1_320' title='bbox 1293 4236 1787 4302; x_wconf 87' lang='lat' dir='ltr'><strong>Monasteriensi</strong></span> <span class='ocrx_word' id='word_1_321' title='bbox 1836 4236 2276 4302; x_wconf 87' lang='lat' dir='ltr'><strong>administrata</strong></span> <span class='ocrx_word' id='word_1_322' title='bbox 2313 4244 2758 4321; x_wconf 87' lang='lat' dir='ltr'><strong>temporaneae</strong></span> 
     </span>
     <span class='ocr_line' id='line_1_41' title="bbox 375 4333 2338 4427; baseline 0.002 -32"><span class='ocrx_word' id='word_1_323' title='bbox 375 4333 615 4418; x_wconf 89' lang='lat' dir='ltr'><strong>pariter</strong></span> <span class='ocrx_word' id='word_1_324' title='bbox 656 4335 901 4427; x_wconf 84' lang='lat' dir='ltr'><strong>Vicarii</strong></span> <span class='ocrx_word' id='word_1_325' title='bbox 947 4335 1316 4424; x_wconf 85' lang='lat' dir='ltr'><strong>Apostolici</strong></span> <span class='ocrx_word' id='word_1_326' title='bbox 1361 4337 1929 4403; x_wconf 87' lang='lat' dir='ltr'><strong>Administrationi</strong></span> <span class='ocrx_word' id='word_1_327' title='bbox 1978 4336 2338 4402; x_wconf 83' lang='lat' dir='ltr'><strong>tradentur.</strong></span> 
     </span>
    </p>

    <p class='ocr_par' dir='ltr' id='par_1_3' title="bbox 543 4428 2757 4524">
     <span class='ocr_line' id='line_1_42' title="bbox 543 4428 2757 4524; baseline -0.002 -25"><span class='ocrx_word' id='word_1_328' title='bbox 543 4435 852 4518; x_wconf 79' lang='lat' dir='ltr'><strong>(XXXI.)</strong></span> <span class='ocrx_word' id='word_1_329' title='bbox 915 4436 1589 4524; x_wconf 82' lang='lat' dir='ltr'><strong>Archiepiscopalium</strong></span> <span class='ocrx_word' id='word_1_330' title='bbox 1620 4435 2029 4505; x_wconf 80' lang='lat' dir='ltr'><strong>Gncsnensis</strong></span> <span class='ocrx_word' id='word_1_331' title='bbox 2074 4446 2139 4502; x_wconf 88' lang='lat' dir='ltr'><strong>et</strong></span> <span class='ocrx_word' id='word_1_332' title='bbox 2178 4433 2631 4501; x_wconf 86' lang='lat' dir='ltr'><strong>Posnaniensis</strong></span> <span class='ocrx_word' id='word_1_333' title='bbox 2670 4428 2757 4494; x_wconf 85' lang='lat' dir='ltr'><strong>in-</strong></span> 
     </span>
    </p>
   </div>
  </div>
 </body>
</html>
