2959 4984
425 269 672 319 XLVIII.
748 268 1064 318 LITERAE
1102 265 1546 339 Asscfflqmsc.
1576 261 2007 318 VIENNENSIS
2046 265 2107 314 Α.
2156 260 2310 314 1855.
2458 260 2561 314 291

323 429 416 497 II.
501 429 614 495 Ad
685 428 1148 494 examinandos
1204 428 1462 494 laureae
1520 428 1931 514 theologicae
1994 427 2131 492 sive
2164 427 2333 514 juris
2372 448 2561 492 cano-

141 530 281 596 nici
333 529 706 594 candidatos
753 552 875 618 per
910 529 1242 595 Austriam
1271 528 1479 594 ·nullo
1538 551 1673 593 non
1728 537 2023 616 tempore
2087 527 2211 592 viri
2266 526 2563 591 catholici

145 630 494 697 exclusive
541 639 692 695 sunt
728 629 1018 710 adhibiti,
1071 629 1188 694 sed
1232 637 1297 692 et
1341 629 1842 694 adhibebuntur.

324 731 454 796 ΙΠ.
543 730 799 814 Quodsi
843 729 1166 818 expediat,
1211 738 1286 793 ut
1323 729 1665 817 Episcopis
1710 727 2039 792 nonnullis
2081 727 2335 791 laureas
2380 727 2559 790 theo-

143 830 404 916 logicas
451 829 828 894 conferendi
872 829 1140 896 facultas
1183 828 1559 893 auctoritate
1608 827 1959 915 apostolica
2002 819 2319 891 tribuatur
2339 876 2359 908 ,
2424 825 2565 890 Au·-

147 931 568 1017 gustissimus
611 929 800 994 facile
845 929 1237 1012 consentiet3
1281 927 1761 992 communicatis
1802 937 2017 990 tamen
2058 926 2229 990 inter
2257 924 2561 993 Sanctam

148 1029 408 1096 Sedem
459 1040 524 1094 et
558 1029 965 1096 Gubernium
1008 1028 1354 1116 Imperiale
1399 1028 1683 1093 consiliis
1730 1027 2068 1113 negotium
2106 1033 2558 1112 pertractetur.

324 1130 447 1194 IV.
531 1130 840 1194 Liberum
903 1129 1028 1194 erit
1068 1129 1408 1217 Episcopis
1423 1179 1442 1211 ,
1503 1128 1863 1193 studiorum
1903 1126 2411 1194 Universitatem
2456 1147 2557 1188 ca-

147 1230 462 1295 tholicam
530 1232 646 1294 sub
713 1251 940 1294 eorum
989 1229 1426 1317 dependentia
1491 1227 1899 1294 constitutam
1958 1226 2251 1292 fundare.
2337 1226 2559 1309 Quum

151 1339 382 1396 autem
425 1351 692 1395 necesse
735 1329 848 1412 sit,
913 1329 1120 1414 quoad
1165 1351 1270 1394 res
1317 1329 1613 1416 politicas
1674 1337 1739 1392 et
1791 1329 1941 1414 jura
1984 1326 2198 1391 civilia
2238 1325 2557 1410 ejusmodi

149 1432 454 1497 instituto
514 1431 905 1516 assignanda
951 1431 1278 1496 cautiones
1336 1453 1456 1517 pro
1516 1451 1739 1494 rerum
1800 1436 1865 1491 et
1920 1427 2214 1491 locorum
2253 1425 2563 1490 varietate

151 1532 523 1614 adhibere,
589 1531 856 1597 consilia
897 1555 1044 1596 cum
1087 1530 1426 1598 Gubernio
1471 1529 1797 1596 Caesareo
1862 1527 2124 1616 praevie
2166 1525 2565 1590 conferenda

161 1640 384 1698 erunt.

332 1733 419 1797 V.
503 1731 873 1816 Antequam
914 1695 1247 1819 professor
1305 1729 1624 1796 facultatis
1661 1729 1979 1815 juridicae
2038 1727 2121 1793 ad
2156 1728 2265 1812 jus
2310 1726 2563 1792 canoni-

157 1855 314 1896 cum
357 1831 747 1896 tradendum
790 1830 1133 1919 deputatus
1174 1829 1630 1913 constituatur,
1704 1829 2015 1918 Episcopi
2074 1827 2441 1894 dioecesani
2483 1825 2565 1890 de

157 1934 310 2018 ejus
351 1932 486 1995 fide
532 1939 598 1994 et
643 1930 932 1996 doctrina
973 1930 1292 2002 sententia
1336 1939 1703 2018 expetetur.

330 2031 450 2096 VI.
537 2028 942 2096 Universitas
978 2030 1380 2097 Pestinensis
1425 2031 1752 2116 originem
1812 2031 2009 2096 debet
2049 2028 2410 2094 fundationi
2454 2049 2557 2091 ec-

163 2131 584 2212 clesiasticae,
625 2152 790 2215 quae
837 2129 1042 2196 Maria
1067 2131 1382 2197 Theresia
1412 2131 1720 2218 Augusta
1762 2138 2078 2216 regnante
2125 2130 2313 2194 bonis
2360 2127 2563 2192 eccle-

164 2231 442 2296 siasticis
483 2231 750 2295 adaucta
795 2239 910 2295 est.
995 2230 1434 2296 Nihilominus
1500 2254 1586 2296 ex
1630 2230 1869 2296 saeculi
1912 2230 2245 2318 praeteriti
2290 2229 2423 2292 fine
2464 2251 2564 2292 ra-

155 2331 431 2396 rissimis
459 2330 844 2415 quibusdam
892 2331 1142 2396 casibus
1185 2331 1436 2414 accidit,
1476 2341 1549 2396 ut
1592 2332 1713 2396 viri
1758 2331 2091 2396 acatholici
2136 2329 2221 2394 ad
2264 2327 2563 2394 scientias

161 2431 464 2518 profanas
504 2431 584 2495 in.
613 2429 1057 2497 Universitate
1098 2430 1428 2519 praedicta
1471 2430 1823 2496 tradendas
1864 2430 2375 2495 admitterentur.
2422 2427 2562 2492 Au-

159 2529 572 2616 gustissimus
609 2551 766 2595 vero
800 2532 1162 2620 Imperator
1194 2554 1470 2617 aequum
1514 2553 1658 2597 esse
1690 2531 2003 2616 agnoscit,
2034 2539 2107 2594 ut
2156 2530 2225 2594 in
2272 2527 2565 2614 ejusdem

160 2631 570 2719 professores
639 2631 936 2696 catholici
980 2641 1226 2696 tantum
1269 2642 1674 2698 assumantur
1698 2681 1718 2714 ,
1787 2631 1942 2716 quin
1984 2639 2201 2696 tamen
2245 2628 2565 2714 derogare

160 2730 456 2795 intendat
500 2730 754 2815 juribus
822 2732 1111 2796 virorum
1171 2734 1250 2812 ab
1293 2732 1590 2798 Ecclesia
1632 2731 1942 2798 catholica
1984 2731 2377 2811 alienorum,
2449 2727 2557 2812 qui

161 2831 248 2896 ad
289 2831 567 2896 docendi
619 2854 850 2896 munus
894 2832 1182 2921 deputati
1215 2834 1352 2918 jam
1392 2832 1655 2898 fuerint.

331 2931 487 2996 VII.
571 2931 974 3016 Theologiae
1019 2932 1396 3016 studentes,
1467 2933 1700 3018 quodsi
1765 2935 1845 2998 ab
1886 2932 2212 3020 Episcopo
2262 2932 2333 2995 in
2378 2930 2565 2996 semi-

163 3031 326 3096 narii
369 3031 470 3096 sui
507 3031 800 3100 alumnos
846 3032 1130 3120 suscepti
1171 3034 1280 3098 vel
1319 3042 1570 3098 vestem
1600 3033 1974 3119 religiosam
2002 3031 2211 3097 induti
2251 3031 2396 3114 sint,
2442 3053 2565 3096 nec

167 3154 299 3196 non
345 3131 884 3219 monasteriorum
925 3133 1004 3196 ab
1047 3131 1340 3198 Ecclesia
1385 3134 1897 3220 approbatorum
1943 3130 2168 3196 novitii
2212 3131 2281 3195 in
2320 3129 2565 3194 cunctis

170 3230 440 3318 Imperii
467 3231 754 3318 partibus
777 3255 816 3295 a
847 3231 1123 3297 servitiis
1147 3232 1528 3298 militaribus
1555 3231 1959 3320 praestandis
1999 3232 2316 3296 immunes
2354 3239 2561 3295 erunt.

330 3331 525 3396 VIH.
609 3328 987 3396 Secundum
1027 3332 1280 3418 leges
1262 3357 1330 3396 111
1369 3333 1641 3397 Austria
1682 3332 1983 3418 vigentes
2036 3354 2157 3418 pro
2206 3331 2563 3417 gymnasiis

170 3431 532 3515 mediisque
577 3430 814 3496 scholis
875 3456 913 3496 a
955 3439 1274 3519 potestate
1323 3432 1495 3496 civili
1536 3432 1841 3498 institutis
1887 3432 2227 3518 religionis
2272 3432 2562 3517 magistri

167 3530 258 3595 ita
297 3529 698 3615 seliguntur,
760 3540 835 3594 ut
873 3530 1238 3620 Episcopus
1279 3532 1701 3598 dioecesanus
1746 3554 2127 3598 concursum
2169 3533 2403 3596 habeat
2422 3580 2443 3614 ,
2504 3541 2570 3595 et

173 3652 366 3714 quem
412 3630 864 3716 dignissimum
905 3639 1168 3696 censeat
1197 3681 1218 3714 ,
1289 3631 1627 3699 Gubernio
1686 3633 1957 3719 adjectis
2016 3655 2364 3696 concursus
2410 3632 2566 3696 actis

175 3728 548 3815 significet:
620 3730 730 3815 qui
774 3739 841 3794 et
883 3731 967 3794 de
1005 3732 1242 3817 'regula
1299 3732 1382 3796 ad
1441 3733 1887 3818 magisterium
1932 3755 2165 3797 vacans
2206 3731 2567 3818 deputatur.

177 3831 456 3912 Quando
503 3832 621 3895 sub
668 3831 1100 3918 peculiaribus
1154 3853 1375 3898 rerum
1435 3832 1757 3918 adjunctis
1818 3854 1966 3897 eum
2012 3831 2323 3897 declinari
2368 3833 2568 3897 conti-

177 3931 368 4015 gerit,
412 3952 743 4016 nunquam
781 3954 916 3997 non
955 3931 1056 3996 vir
1095 3933 1491 4016 nominatur,
1572 3953 1767 4018 quem
1806 3932 2170 4021 Episcopus
2214 3932 2297 3996 ad
2340 3954 2572 3996 munus

175 4032 548 4098 obeundem
588 4031 871 4097 habilem
913 4033 1359 4098 enuntiaverit.

338 4132 462 4197 IX.
566 4133 648 4198 In
700 4130 1132 4221 reprimendis
1198 4132 1381 4198 libris
1433 4132 1740 4218 religioni
1804 4152 2186 4216 morumque
2246 4132 2571 4196 honestati

175 4233 554 4319 perniciosis
601 4235 954 4300 communis
1015 4243 1114 4300 est
1153 4233 1486 4300 Ecclesiae
1544 4232 1944 4319 civitatisque
2000 4255 2189 4298 causa
2233 4241 2299 4296 et
2338 4229 2569 4318 Augu—

174 4333 492 4400 stissimus
529 4334 894 4424 Imperator
937 4335 1098 4400 nihil
1140 4335 1525 4400 intentatum
1554 4335 1899 4420 relinquet,
1942 4341 2033 4416 ut,
2079 4341 2387 4417 quantum
2427 4333 2572 4399 fieri

178 4434 414 4522 possit,
459 4437 541 4502 ab
583 4437 870 4526 Imperio
917 4436 1363 4502 excludantur.
1452 4433 1723 4502 Curabit
1761 4434 1960 4520 igitur
1984 4481 2003 4516 ,
2063 4443 2137 4497 ut
2176 4433 2258 4498 ad
2298 4433 2566 4523 scripto·
2612 4445 2633 4458 ‘
