2959 4984
370 290 477 346 106
654 289 848 342 xvlu.
922 286 1231 342 EUGmm
1266 289 1355 342 IV.
1398 288 1643 342 BULLA
1681 289 1806 340 Dm
1845 289 1964 340 vn.
2003 287 2206 342 FEBR.
2241 292 2304 344 A.
2339 285 2497 344 1447.

366 457 527 526 libet
582 477 671 522 ex
718 455 943 542 quavis
994 454 1245 522 ratione
1303 456 1413 522 vel
1447 478 1660 522 causa
1699 455 2032 524 molestari
2071 455 2324 546 possint
2365 457 2485 524 sed
2523 458 2594 526 in
2633 461 2770 526 suis

368 557 888 648 possessionibus
950 555 1217 646 pacifice
1273 565 1654 622 remaneant
1707 555 1856 622 lites
1901 577 2158 642 quoque
2205 566 2272 621 et
2315 579 2536 624 causas
2583 581 2771 644 quas-

378 679 631 742 cunque
673 677 870 744 super
911 654 1281 720 huiusmodi
1320 654 1609 720 ecclesiis
1654 654 2076 742 dignitatibus
2103 655 2426 722 benefitiis
2458 666 2524 722 et
2549 659 2774 724 offitiis

372 756 737 846 pendentes
776 755 907 820 illis
951 754 1263 819 duntaxat
1304 755 1594 843 exceptis
1633 776 1760 840 que
1799 777 2014 820 coram
2050 754 2414 822 Ordinariis
2437 756 2776 825 Iudicibus
2883 751 2888 754 ¹

374 856 548 946 apud
616 878 777 942 quos
836 854 1017 920 iuxta
1078 854 1350 920 formam
1420 853 1590 920 dicte
1655 855 2094 944 suspensionis
2159 864 2226 920 et
2289 860 2780 946 protestationis

382 956 621 1022 exinde
656 963 873 1020 secute
913 953 1096 1020 licuit
1123 953 1381 1040 litigare
1426 954 1716 1020 indecise
1762 953 2057 1042 pendent
2097 955 2178 1020 ad
2223 978 2344 1020 nos
2382 956 2778 1026 advocantes

372 1057 749 1124 auctoritate
794 1063 859 1122 et
900 1053 1177 1120 sciencia
1212 1053 1526 1144 predictis
1573 1053 2014 1140 extinguimus
2061 1064 2126 1120 et
2167 1077 2364 1144 super
2407 1056 2499 1122 eis
2540 1057 2778 1124 adver-

372 1157 553 1224 sariis
599 1176 823 1221 eorum
870 1161 1263 1244 perpetuum
1304 1153 1632 1220 silentium
1668 1153 2092 1244 imponimus,
2151 1155 2572 1223 Possessores
2614 1179 2778 1224 vero

369 1260 543 1348 ipsos
587 1255 908 1322 voluimus
950 1254 1021 1320 in
1061 1251 1193 1318 suis
1236 1254 1525 1320 ecclesiis
1557 1253 1969 1322 Monasteriis
2001 1253 2420 1343 dignitatibus
2450 1257 2781 1324 benefitiis

374 1367 439 1424 et
484 1356 715 1423 officiis
752 1354 1021 1444 pacifice
1062 1375 1423 1438 remanere,
1468 1354 1698 1440 quibus
1742 1355 2038 1420 omnibus
2078 1355 2254 1444 ipsas
2301 1356 2606 1424 ecelesias
2631 1356 2778 1424 Mo·

367 1457 648 1525 nasteria
709 1453 1057 1542 dignitates
1116 1453 1434 1520 beneficia
1491 1464 1556 1520 et
1619 1454 1832 1520 officia
1895 1476 2280 1540 quocunque
2332 1455 2529 1522 modo
2590 1479 2778 1522 vaca-

368 1559 585 1626 verint
640 1555 1015 1622 auctoritate
1078 1562 1143 1618 et
1202 1553 1468 1620 scientia
1527 1555 1796 1642 prefatis
1857 1564 2086 1622 tenore
2140 1556 2583 1644 praesentium
2624 1579 2777 1624 con-

367 1659 639 1726 ferimus
682 1665 749 1722 et
785 1653 1227 1744 providemus,
1266 1653 1373 1720 Ac
1411 1654 1544 1720 illis
1587 1655 1696 1740 qui
1733 1655 2003 1744 pallium
2035 1654 2352 1722 dictorum
2377 1655 2489 1741 qui
2513 1655 2780 1725 Basilee

370 1767 521 1848 post
558 1765 845 1824 nostram
888 1753 1373 1820 translationem
1412 1756 1532 1820 sub
1560 1755 1821 1820 nomine
1849 1754 2178 1842 generalis
2210 1753 2486 1822 Consilii
2520 1779 2778 1824 reman-

372 1868 595 1928 serunt
634 1854 1011 1925 auctoritate
1053 1864 1465 1942 receperunt,
1510 1864 1584 1920 ut
1621 1855 1737 1921 illo
1780 1855 1875 1920 uti
1907 1855 2160 1944 possint
2184 1857 2597 1945 presentibus
2625 1881 2778 1926 con·

376 1959 683 2026 cedimus.
722 1966 789 2024 et
827 1955 1281 2042 indulgemus,
1348 1956 1493 2022 Illis
1538 1965 1756 2025 autem
1799 1956 1910 2042 qui
1952 1978 2086 2021 non
2127 1957 2370 2026 habent
2413 1958 2557 2024 sine
2608 1959 2778 2026 diffi-

378 2060 615 2128 cultate
659 2056 950 2124 dabimus
998 2066 1064 2121 et
1106 2056 1311 2122 eciam
1350 2056 1559 2124 libere
1599 2055 2034 2140 concedimus,
2077 2057 2219 2150 Illis
2263 2067 2511 2124 tantum
2551 2081 2778 2150 perso-

373 2161 477 2226 nis
540 2157 831 2246 exceptis
896 2179 1021 2244 que
1086 2156 1420 2222 occasione
1477 2155 1916 2245 privationum
1978 2166 2248 2246 propter
2311 2169 2604 2227 nostram
2667 2169 2782 2228 aut

375 2258 833 2329 Basiliensium
898 2256 1321 2323 adhesionem
1376 2257 1692 2322 factarum
1735 2257 2054 2323 beneficia
2103 2257 2396 2326 detinent
2431 2259 2504 2324 in
2547 2260 2782 2346 quibus

375 2362 613 2428 habeat
670 2358 888 2424 locum
944 2357 1231 2446 provisio
1280 2367 1347 2424 et
1391 2357 1726 2447 dispositio
1771 2379 1969 2446 super
2011 2358 2136 2424 hiis
2189 2381 2314 2446 que
2359 2369 2582 2428 contra
2626 2385 2779 2450 pro-

374 2456 800 2528 testationem
824 2458 991 2524 facta
1030 2457 1250 2524 forent
1291 2479 1412 2546 per
1452 2458 1816 2548 praefatum
1855 2457 2114 2545 Regem
2157 2467 2231 2538 et,
2262 2458 2602 2526 Electores
2643 2461 2779 2528 Im-

372 2560 542 2650 perii
609 2557 999 2624 coniunctim
1054 2558 1165 2622 vel
1207 2557 1463 2622 divisim
1505 2558 1946 2645 promulgata,
2016 2580 2138 2647 per
2187 2559 2314 2624 hoc
2359 2569 2576 2626 autem
2617 2562 2784 2628 nulli

377 2656 907 2726 contendentium
966 2677 1164 2744 super
1222 2654 1409 2720 titulo
1468 2664 1536 2720 et
1588 2656 1833 2722 iuribus
1880 2655 2298 2722 ecclesiarum
2339 2657 2783 2747 Frisingensis

360 2770 444 2827 ‚et
479 2756 824 2828 Osiliensis
866 2755 1189 2820 voluimus
1230 2755 1494 2840 aliquod
1535 2755 1971 2846 preiudicium
2007 2758 2230 2825 aflerri
2273 2767 2383 2826 aut
2423 2760 2628 2826 eciam
2664 2766 2784 2847 g'e-

381 2859 596 2926 nerari
613 2907 635 2942 ,
672 2855 797 2932 *sed
842 2855 1129 2941 liberum
1178 2856 1261 2922 sit
1302 2855 1650 2942 unicuique
1695 2878 1921 2923 eorum
1961 2857 2060 2922 ius
2105 2881 2294 2925 suum
2337 2860 2648 2948 prosequi
2685 2861 2786 2928 iu-

387 2958 567 3024 sticia
612 2954 961 3040 mediante,
1002 2955 1315 3022 Preterea
1352 2956 1565 3022 omnia
1601 2966 1666 3022 et
1697 2957 1956 3044 singula
1984 2979 2110 3044 que
2141 2958 2326 3024 dictis
2357 2961 2786 3050 suspensione

390 3069 459 3125 et
518 3055 982 3148 protestatione
1047 3056 1421 3124 durantibus
1462 3057 1534 3122 in
1578 3056 2009 3146 preiudicium
2045 3081 2401 3144 gravamen
2440 3061 2552 3127 vel
2591 3063 2787 3128 lesio-

392 3182 546 3228 nem
606 3156 1065 3224 iurisdictionis
1123 3157 1280 3222 iuris
1333 3159 1443 3222 vel
1478 3157 1906 3246 possessionis
1947 3158 2600 3250 Metropolitanorum
2643 3163 2786 3229 dio-

390 3282 771 3328 cesanorum
813 3258 1285 3348 principatuum
1330 3257 1764 3325 dominiorum
1801 3258 2150 3345 Terrarum
2190 3261 2393 3348 Regis
2437 3271 2506 3345 et
2525 3263 2786 3330 Electo-

384 3394 532 3438 rum
576 3393 649 3436 ac
690 3368 1353 3456 Archiepiscoporum
1401 3359 1846 3455 predictorum
1886 3385 2142 3430 necnon
2200 3363 2473 3428 aliorum
2514 3364 2787 3454 Episco-

384 3494 619 3562 porum
662 3470 1111 3536 Praelatorum
1173 3465 1624 3552 Collegiorum
1681 3486 2108 3554 personarum
2163 3487 2282 3530 seu
2345 3483 2569 3530 rerum
2633 3487 2787 3551 qua·

384 3592 807 3656 rumcumque
874 3579 1095 3634 contra
1160 3567 1351 3634 fedus
1416 3567 1898 3657 protestationis
1967 3577 2032 3631 et
2073 3566 2514 3656 suspensionis
2561 3566 2788 3631 huius-

282 3724 311 3744 .
394 3673 574 3740 modi
630 3671 1211 3758 quomodocunque
1276 3668 1620 3756 vergentia
1677 3667 2029 3757 apostolica
2088 3669 2198 3732 vel
2240 3667 2364 3732 alia
2405 3666 2632 3753 quavis
2673 3689 2788 3732 au-

354 3801 362 3808 ·
394 3774 687 3840 ctoritate
733 3793 1057 3853 concessa,
1100 3793 1177 3835 ac
1210 3770 1285 3835 in
1324 3768 1576 3837 Iudicio
1619 3768 1730 3834 vel
1774 3777 1957 3833 extra
1998 3770 2257 3834 obtenta
2277 3817 2297 3852 ,
2353 3767 2636 3856 Insuper
2685 3787 2790 3832 ec-

392 3872 775 3949 clesiasticas
844 3892 1146 3936 cen-suras
1208 3870 1478 3936 mulctas
1545 3878 1612 3934 et
1653 3890 1854 3958 penas
1876 3917 1897 3952 ,
1966 3867 2110 3934 Nec
2171 3891 2305 3934 non
2348 3867 2792 3952 cuiuscunque

382 3971 878 4060 irregularitatis
922 3971 1200 4036 maculas
1244 3978 1373 4035 tam
1417 3993 1457 4035 a
1493 3970 1634 4035 iure
1676 3991 1866 4055 quam
1901 3971 1984 4035 ab
2020 3968 2282 4038 homine
2321 3977 2594 4058 propter
2637 3990 2788 4057 pre-

386 4073 582 4140 mis-sa
614 4071 1102 4157 quomodolibet
1122 4071 1568 4160 promulgatas
1615 4091 1730 4136 seu
1775 4069 2048 4135 inflictas
2091 4068 2602 4158 promulgandas
2630 4090 2787 4155 quo-

389 4195 516 4261 que
574 4194 691 4238 seu
730 4172 1122 4260 infligendas
1188 4171 1401 4257 quoad
1458 4172 1716 4258 Regem
1754 4171 2306 4259 Archiepiscopos
2366 4179 2432 4234 et
2465 4168 2789 4236 Mar-ahio-

390 4297 543 4341 nem
600 4274 925 4362 praefatos
972 4293 1324 4357 eorumque
1372 4271 1656 4336 dominia
1696 4271 1963 4336 clericos
2009 4270 2302 4338 subditos
2347 4282 2413 4336 et
2452 4270 2790 4336 Vassallos

386 4383 729 4463 postquam
787 4372 1287 4444 declarationem
1333 4393 1560 4436 eorum
1605 4380 1672 4436 et
1709 4370 1795 4436 ad
1839 4391 1952 4436 eos
1999 4392 2258 4458 quoque
2306 4373 2418 4458 qui
2456 4369 2628 4436 infra
2670 4391 2792 4438 sex

390 4497 647 4542 menses
690 4504 729 4545 a
772 4479 879 4544 die
920 4479 1209 4544 datarum
1251 4473 1652 4565 presentium
1696 4471 2160 4561 computandos
2204 4495 2278 4540 se
2317 4470 2794 4539 declaraverint
