2959 4984
403 309 512 364 256
693 308 990 360 xxxvm.
1061 305 1309 358 BULLA
1349 306 1491 358 PRO
1534 305 1783 360 REGNo
1822 305 2227 360 BORUsslco
2267 308 2330 359 A.
2368 305 2534 360 1821.

399 476 622 565 possit,
655 496 852 560 quum
875 475 1044 541 forte
1061 473 1481 561 Magistratus
1519 475 2024 558 intercesserint,
2060 496 2144 540 ne
2166 473 2421 540 Census
2464 473 2792 560 imponan-

403 586 505 642 tur
524 625 544 658 ,
589 599 720 641 non
762 573 916 638 satis
961 573 1272 638 diminuta
1312 573 1555 662 publici
1602 575 1769 638 aeris
1816 575 2011 639 alieni
2060 573 2413 658 quantitate
2432 621 2452 654 ,
2499 573 2791 636 laudatus

397 676 544 742 Rex
564 677 736 741 ultro
762 673 1077 763 promisit,
1115 674 1572 760 conceptisque
1614 675 1830 740 verbis
1889 695 2035 739 sese
2064 672 2397 758 obligavit,
2442 672 2494 736 si
2541 681 2794 760 praeter

400 799 656 843 omnem
702 774 1222 863 expectationem
1265 773 1333 838 id
1375 774 1643 857 accidat,
1688 796 1759 838 se
1800 783 2169 838 curaturum
2214 794 2377 854 esse,
2419 781 2493 836 ut
2530 781 2631 836 tot
2656 772 2794 858 agri

396 876 624 962 Regiis
675 874 988 964 impensis
1045 882 1342 938 emantur
1401 875 1601 961 pleno
1666 873 1934 938 dominii
1978 874 2121 938 iure
2166 873 2442 959 singulis
2488 872 2795 936 Ecclesiis

399 976 730 1059 tradendi,
795 985 952 1060 quot
1011 973 1358 1040 necessarii
1415 974 1577 1056 sint,
1646 984 1720 1038 ut
1762 996 1987 1039 eorum
2031 973 2328 1038 redditus
2370 996 2609 1038 annuas
2654 973 2795 1036 illas

401 1099 682 1142 summas
744 1083 1139 1159 exaequent,
1209 1094 1372 1158 quae
1417 1099 1454 1138 a
1498 1073 1816 1140 Censibus
1861 1074 2319 1162 percipiendae
2364 1082 2613 1155 essent,
2684 1072 2799 1136 nisi

401 1175 941 1264 impedimentum
981 1174 1146 1239 illud
1187 1174 1681 1239 intercessisset.
1770 1175 1957 1257 Quae
2002 1174 2219 1239 omnia
2262 1197 2406 1239 cum
2452 1171 2800 1239 Serenissi-

401 1299 542 1342 mus
564 1277 712 1343 Rex
743 1296 865 1361 per
887 1274 1263 1362 Diplomata
1293 1273 1362 1339 in
1407 1273 1625 1338 valida
1649 1274 1863 1359 Regni
1908 1275 2115 1338 forma
2155 1297 2193 1338 a
2240 1295 2309 1338 se
2340 1271 2801 1338 subscribenda

399 1378 468 1442 in
506 1385 644 1441 tuto
688 1396 967 1464 ponere,
1029 1375 1110 1439 sit
1154 1373 1513 1463 pollicitus,
1556 1384 1631 1439 ut
1670 1375 1972 1462 plenum,
2018 1383 2083 1438 et
2128 1373 2453 1458 integrum
2500 1373 2801 1438 effectum

409 1498 525 1542 suo
570 1484 864 1562 tempore
905 1473 1286 1556 sortiantur3
1329 1475 1485 1539 hinc
1516 1474 1917 1562 supradictus
1949 1474 2269 1562 Iosephus
2294 1473 2662 1562 Episcopus
2690 1473 2803 1538 Di-

401 1579 684 1667 plomata
739 1575 1112 1642 huiusmodi
1171 1574 1446 1660 singulis
1487 1573 1799 1640 Ecclesiis
1860 1574 2073 1639 tradet
2131 1575 2203 1638 in
2258 1573 2637 1662 respectivis
2680 1575 2803 1638 Ar-

403 1677 608 1744 chivis
647 1675 1057 1742 asservanda.

566 1775 870 1862 (XLIII.)
955 1773 1222 1841 Similes
1283 1783 1499 1840 autem
1543 1774 1841 1839 redditus
1886 1773 1970 1838 ad
2023 1774 2300 1837 formam
2340 1773 2789 1861 promissionis

404 1877 688 1962 Regiae,
735 1875 1028 1941 deductis
1071 1873 1412 1956 oneribus,
1459 1883 1757 1940 constare
1804 1874 2135 1940 debebunt
2174 1885 2519 1958 sequente-s
2561 1897 2801 1939 annuas

403 1976 803 2042 dotationum
841 1997 1144 2057 summas,
1185 1995 1420 2062 nempe
1449 1997 1571 2062 pro
1600 1974 2117 2062 Archiepiscopo
2138 1971 2534 2058 Coloniensi,
2566 1999 2645 2040 ac
2684 1996 2801 2062 pro

405 2076 918 2163 Archicpiscopo
965 2073 1356 2156 Gnesncnsi,
1403 2084 1470 2139 et
1499 2074 1920 2139 Posnaniensi
1966 2073 2310 2138 duodecim
2352 2074 2629 2138 millium
2668 2075 2800 2138 tha·

401 2178 690 2243 lerorum
733 2175 1248 2258 Borussicorum,
1295 2198 1416 2263 pro
1461 2174 1806 2263 Episcopis
1848 2173 2241 2256 Trevirensi,
2286 2173 2804 2257 Monasteriensi,

403 2276 926 2343 Paderbornensi
998 2283 1064 2340 et
1125 2273 1459 2341 Culmensi
1504 2284 1649 2340 octo
1700 2273 1976 2338 millium
2038 2272 2435 2336 thalerorum
2506 2271 2801 2336 eiusdem

409 2386 742 2461 monetae,
801 2399 922 2464 pro
961 2375 1288 2464 Episcopo
1341 2397 1501 2439 vero
1544 2373 2067 2440 wratislaviensi
2124 2369 2469 2436 duodecim
2528 2370 2805 2436 millium

405 2479 800 2544 thalerorum
844 2477 1052 2542 dictae
1095 2483 1412 2557 monetae,
1454 2475 1623 2539 ultra
1666 2474 1958 2540 redditus
2004 2473 2189 2538 fundi
2248 2471 2681 2536 Wiirbeniani
2728 2471 2805 2536 ad

404 2579 542 2646 eius
556 2578 1014 2668 Episcopalem
1052 2596 1340 2641 mensam
1370 2574 1721 2663 spectantis
1750 2597 1871 2662 pro
1904 2581 2089 2661 parte
2110 2570 2452 2638 Dioecesis
2482 2571 2551 2635 in
2571 2571 2807 2658 Regno

404 2681 791 2760 Borussico,
851 2676 1046 2742 salvis
1092 2675 1501 2740 manentibus
1544 2675 1675 2740 illis
1718 2672 2086 2740 redditibus
2098 2721 2117 2756 ,
2180 2694 2342 2756 quos
2384 2673 2682 2760 percepit
2724 2694 2807 2737 ex

401 2780 653 2864 reliqua
692 2777 1033 2844 Dioecesis
1075 2783 1258 2862 parte
1301 2775 1644 2862 temporali
1688 2773 1997 2840 Dominio
2026 2771 2403 2838 Charissimi
2444 2771 2513 2836 in
2528 2769 2797 2838 Christo

399 2877 552 2943 Filii
593 2876 800 2943 nostri
842 2874 1164 2941 Francisci
1206 2874 1517 2941 Austriae
1558 2874 2012 2962 Imperatoris,
2056 2882 2254 2956 atque
2292 2871 2696 2958 Hungariae,
2744 2881 2807 2936 et

405 2977 760 3042 Bohemiae
800 2974 1006 3060 Regis
1047 2973 1410 3062 Apostolici
1461 2975 1783 3056 subiecta3
1830 2973 2007 3058 quod
2050 2993 2208 3037 vero
2258 2972 2342 3037 ad
2374 2971 2801 3036 Warmiensis

399 3075 804 3165 Episcopalis
851 3096 1112 3140 mensae
1159 3073 1554 3140 dotationem
1596 3075 1899 3162 pertinet,
1946 3073 2149 3138 firmis
2194 3071 2382 3137 bonis
2402 3120 2422 3153 ,
2468 3095 2543 3136 ac
2583 3071 2798 3136 reddi-

407 3175 600 3258 tibus,
643 3174 872 3260 quibus
915 3184 1060 3240 actu
1101 3175 1216 3239 illa
1255 3195 1478 3240 mensa
1519 3173 1786 3260 gaudet,
1830 3173 1994 3239 nihil
2038 3173 2107 3238 in
2152 3193 2459 3260 praesens
2492 3171 2799 3236 innovan-

405 3275 563 3340 dum
609 3296 754 3339 esse
799 3275 1232 3357 declaramus,
1299 3275 1420 3340 sed
1456 3273 1802 3360 aliquando
1844 3273 1927 3339 ad
1972 3273 2247 3338 aliarum
2288 3272 2357 3337 in
2397 3273 2629 3359 Regno
2675 3273 2802 3338 Bo-

403 3377 645 3441 russico
691 3397 1060 3441 mensarum
1125 3399 1416 3442 normam
1459 3374 1843 3462 Apostolica
1885 3373 2357 3439 interveniente
2429 3373 2802 3438 auctoritate

414 3476 556 3542 fore
597 3475 1143 3541 conformandam.
2546 3547 2551 3559 Ι

573 3573 872 3662 (XLIV.)
958 3573 1108 3639 Pari
1149 3575 1455 3639 methodo
1499 3575 2038 3664 Metropolitanus
2077 3575 2409 3642 Ecclesiae
2456 3575 2799 3642 Colonien-

413 3677 500 3742 sis
544 3675 915 3764 Capitulum
973 3674 1297 3742 dotabitur
1337 3674 1406 3739 in
1448 3698 1659 3741 annua
1700 3674 1971 3742 Summa
2012 3699 2133 3764 pro
2176 3677 2555 3765 Praeposito
2598 3676 2801 3740 thale-

411 3800 632 3843 rorum
676 3775 1170 3842 Borussicorum
1213 3775 1517 3859 bismille,
1561 3797 1680 3864 pro
1722 3777 1991 3842 Decano
2031 3777 2425 3842 thalerorum
2474 3775 2629 3840 item
2676 3775 2801 3840 bis-

406 3878 607 3961 mille,
655 3899 776 3966 pro
822 3875 1116 3962 quolibet
1158 3896 1244 3940 ex
1288 3875 1541 3941 duobus
1583 3877 1809 3964 primis
1850 3875 2192 3943 Canonicis
2236 3877 2621 3942 numerariis
2664 3876 2801 3940 tha-

404 3978 692 4043 lerorum
750 3977 929 4042 mille
973 3974 1364 4057 biscentum,
1429 3999 1551 4065 pro
1600 3977 1890 4061 quolibet
1932 3999 2019 4042 ex
2060 3977 2477 4063 sequentibus
2516 3999 2637 4042 sex
2680 3975 2799 4042 Ca-

404 4077 650 4144 nonicis
704 4077 1103 4142 thalerorum
1141 4075 1340 4158 mille,
1384 4098 1507 4164 pro
1544 4076 1837 4160 quolibet
1878 4099 1965 4143 ex
2010 4079 2259 4144 duobus
2305 4077 2649 4165 postremis
2678 4075 2799 4143 Ca-

406 4177 652 4244 nonicis
697 4177 1098 4243 thalerorum
1142 4176 1682 4262 octingentorum,
1729 4200 1849 4264 pro
1894 4179 2185 4262 quolibet
2232 4200 2319 4246 ex
2362 4187 2636 4264 quatuor
2678 4177 2799 4243 Ca·

405 4277 654 4342 nonicis
694 4277 1076 4342 Honorariis
1118 4277 1517 4342 thalerorum
1564 4285 1859 4359 centum,
1906 4300 2027 4365 pro
2072 4279 2379 4362 quolibet
2410 4279 2667 4344 demum
2714 4300 2799 4342 ex

413 4383 559 4438 octo
601 4374 898 4456 Vicariis,
942 4396 1060 4440 seu
1099 4374 1563 4441 Praebendatis
1607 4375 2007 4441 thalerorum
2049 4377 2429 4445 biscentum.

579 4473 601 4543 (
605 4469 842 4556 XLV)
924 4473 1007 4537 In
1062 4473 1625 4562 Archiepiscopali
1667 4473 1961 4540 Ecclesia
2006 4475 2379 4543 Gnesnensi
2442 4502 2561 4567 pro
2604 4477 2796 4542 Prae·

1440 4716 1474 4744 Ι
