2959 4984
405 238 512 296 366
724 238 890 290 va.
966 238 1453 291 CONCORDATA
1494 236 2197 293 WIRTEMBERGENSIA
2234 239 2296 295 A.
2335 234 2492 292 1857.

406 405 490 471 de
532 426 743 494 poena
786 402 1222 469 ecclesiastica
1263 402 1480 467 eidem
1516 401 1875 488 infligenda
1919 420 2317 487 cognoscere
2360 400 2583 488 possit.
2658 399 2799 466 Hoc

402 505 611 588 idem,
669 504 725 569 si
765 504 1230 591 minoi-‘poena
1274 501 1533 567 decreta
1572 502 1806 585 fuerit,
1853 500 2135 566 antistite
2176 509 2461 588 petente,
2507 508 2794 590 praesta-

405 604 600 671 bitur.

571 703 718 769 Art.
759 703 878 767 VI.
963 700 1290 789 Episcopi,
1334 700 1513 767 Cleri
1560 710 1624 767 et
1659 700 1886 789 populi
1928 710 2150 766 mutua
2180 724 2325 765 cum
2352 698 2589 768 Sancta
2618 699 2797 767 Sede

401 803 890 870 communicatio
931 802 999 866 in
1040 803 1234 866 rebus
1281 801 1729 867 ecclesiasticis
1770 802 1974 867 libera
2019 802 2159 866 erit.
2213 801 2386 866 Item
2426 800 2793 890 Episcopus

404 928 550 971 cum
594 904 812 986 Clero,
859 911 925 967 et
963 902 1208 989 populo
1249 901 1456 967 libere
1504 902 2017 967 communicabit.

562 1004 736 1069 Hinc
769 1002 1222 1067 instructiones
1269 1011 1335 1066 et
1379 1002 1814 1067 ordinationes
1844 1002 2174 1090 Episcopi,
2217 1023 2340 1067 nec
2376 1025 2510 1067 non
2552 1003 2795 1089 synodi

403 1105 861 1185 dioecesanae,
931 1102 1185 1167 concilii
1246 1101 1689 1189 provincialis,
1752 1112 1817 1165 et
1858 1102 2055 1189 ipsius
2101 1100 2378 1168 Sanctae
2421 1100 2619 1168 Sedis
2660 1113 2798 1168 acta

400 1206 484 1271 de
525 1206 720 1271 rebus
767 1201 1214 1268 ecclesiasticis
1275 1204 1520 1286 absque
1574 1201 1835 1288 praevia
1898 1202 2301 1290 inspectione
2366 1212 2430 1267 ct
2469 1202 2789 1291 adproba-

395 1306 572 1371 tione
611 1303 806 1389 Regii
850 1301 1168 1369 Gubernii
1212 1302 1727 1389 publicabuntur.

507 1415 513 1419 “
563 1404 711 1469 Art.
756 1401 911 1467 VH.
998 1401 1360 1489 Episcopus
1421 1422 1509 1466 ex
1546 1398 1793 1490 proprii
1843 1400 2185 1489 pastoralis
2260 1401 2457 1466 officii
2522 1426 2799 1469 munere

392 1503 768 1591 religiosam
811 1502 1160 1567 catholicae
1195 1501 1557 1586 juventutis
1604 1510 1739 1565 tum
1780 1501 2307 1585 instructionem,
2375 1510 2513 1567 tum
2558 1504 2796 1569 educa—

393 1604 636 1670 tionem
675 1602 745 1667 in
786 1602 1082 1667 omnibus
1127 1600 1362 1666 scholis
1404 1601 1681 1689 publicis
1722 1609 1789 1665 et
1827 1600 2093 1690 privatis
2138 1602 2417 1687 diriget,
2488 1612 2557 1667 et
2601 1626 2804 1693 super

395 1711 671 1788 utraque
712 1702 1026 1787 vigilabit.
1081 1700 1370 1765 Proinde
1413 1709 1667 1785 statuet,
1712 1700 1973 1787 quinam
2012 1701 2097 1766 ad
2140 1702 2517 1788 religiosam
2554 1704 2801 1771 instru-

397 1802 676 1868 ctionem
717 1802 866 1867 libri
911 1811 977 1867 et
1021 1802 1394 1867 catechismi
1441 1802 1794 1868 adhibendi
1838 1802 1983 1867 sint.

560 1902 642 1967 In
683 1902 922 1967 scholis
960 1902 1458 1967 elementaribus
1503 1902 1815 1989 religiosa
1854 1902 2191 1969 instructio
2237 1928 2275 1967 a
2314 1904 2626 1970 Par-ochis
2674 1914 2797 1970 tra-

399 2002 590 2067 detur
611 2052 632 2083 ,
676 2002 744 2067 in
783 2002 1048 2086 reliquis
1087 2002 1325 2067 scholis
1365 2002 1621 2067 nonnisi
1664 2005 1742 2069 ab
1786 2003 1864 2069 iis
1881 2052 1901 2085 ,
1942 2003 2174 2088 quibus
2216 2003 2300 2070 ad
2340 2004 2467 2070 hoc
2508 2006 2790 2073 auctori-

395 2109 592 2166 tatem
637 2110 703 2165 et
741 2101 1114 2166 missionem
1139 2102 1511 2191 Episcopus
1548 2104 1909 2186 contulerit,
1952 2126 2076 2168 nec
2110 2113 2341 2191 postea
2367 2107 2796 2172 revocaverit.

559 2200 710 2267 Art.
752 2201 942 2266 VIH.
1023 2201 1334 2267 Liberum
1407 2203 1533 2267 erit
1592 2202 1919 2291 Episcopo
1942 2254 1961 2287 ,
2032 2204 2293 2290 erigere
2350 2204 2797 2273 Seminarium

386 2302 580 2386 juxta
624 2302 898 2366 formam
931 2300 1206 2367 Concilii
1229 2302 1615 2387 Tridentini,
1654 2304 1724 2369 in
1761 2303 1937 2389 quod
1974 2304 2421 2371 adolescentes
2454 2316 2521 2371 et
2548 2330 2799 2395 pueros

391 2400 838 2468 informandos
881 2401 1178 2467 admittet
1222 2425 1382 2488 quos
1424 2426 1545 2492 pro
1592 2404 1973 2468 necessitate
2024 2413 2089 2468 et
2130 2405 2405 2469 utilitate
2443 2404 2791 2473 Dioecesis

395 2522 550 2567 suae
588 2502 998 2589 recipiendos
1020 2502 1430 2589 judicaverit.
1474 2503 1689 2589 Hujus
1718 2502 2068 2569 Seminarii
2096 2504 2434 2588 ordinatiO,
2480 2506 2797 2591 doctrina,

393 2604 778 2689 gubernatio
825 2612 891 2667 et
930 2602 1396 2667 administratio
1437 2602 1747 2692 Episcopi
1794 2604 2153 2669 auctoritati
2200 2606 2398 2694 pleno
2448 2604 2799 2694 liberoque

387 2702 538 2787 jure
583 2704 906 2789 subjectae
947 2712 1156 2767 erunt.

561 2804 874 2869 Rectores
935 2824 1190 2888 quoque
1212 2852 1231 2885 ,
1301 2811 1367 2869 et
1406 2802 1823 2869 Professores
1869 2826 1985 2869 seu
2026 2804 2380 2890 Magistros
2425 2804 2799 2895 Episcopus

396 2902 771 2985 nominabit,
813 2911 880 2966 et
924 2903 1454 2988 quotiescumque
1494 2905 1931 2969 necessarium
1972 2905 2079 2969 vel
2119 2904 2279 2970 utile
2322 2906 2401 2970 ab
2444 2906 2591 2993 ipso
2640 2928 2793 2973 cen-

399 3001 664 3084 sebitur,
705 3002 1084 3068 removebit.
1335 3070 1342 3077 ,

573 3102 902 3186 Quamdiu
940 3124 1099 3167 vero
1158 3101 1591 3169 Seminarium
1636 3103 1719 3168 ad
1764 3128 2061 3171 normam
2101 3105 2465 3173 Tridentini
2530 3108 2794 3172 concilii

399 3202 912 3296 desiderabitur,
981 3213 1046 3268 et
1091 3200 1440 3270 Convictus
1484 3206 1728 3291 publici
1795 3206 2021 3273 aerarii
2084 3208 2363 3273 maxime
2434 3208 2801 3297 sumptibus

395 3303 728 3369 sustentati
769 3303 1105 3390 Ehingae',
1147 3304 1442 3371 Rotvilae
1504 3315 1569 3371 et
1608 3306 1947 3395 Tubingae
1990 3307 2304 3391 existent,
2368 3309 2531 3375 haec
2573 3311 2800 3377 obser-

394 3406 734 3469 vabuntur.

473 3506 539 3589 a)
589 3503 787 3586 Quod
828 3502 1055 3569 attinet
1091 3504 1174 3569 ad
1215 3505 1666 3572 educationem
1701 3506 2081 3592 religiosam
2121 3514 2189 3571 et
2231 3507 2640 3597 disciplinam
2680 3511 2795 3577 do-

591 3603 919 3669 mesticam
967 3625 1043 3669 ea
1081 3604 1372 3670 instituta
1409 3606 1715 3693 regimini
1760 3616 1825 3671 et
1862 3606 2245 3693 inspectioni
2290 3608 2601 3698 Episcopi
2639 3612 2793 3676 sub-

594 3704 727 3770 dita
765 3712 930 3769 sunt.

474 3804 546 3889 b)
596 3804 866 3869 Alumni
905 3804 1141 3893 horum
1177 3805 1617 3871 institutorum
1662 3816 1973 3891 quatenus
2002 3796 2399 3874 *erudiuntur
2440 3808 2509 3874 in
2551 3809 2793 3875 scholis

509 3988 522 4001 .
591 3902 889 3993 publicis,
933 3924 1142 3989 aeque
1183 3930 1259 3970 ac
1301 3906 1503 3971 ceteri
1548 3907 1847 3997 discipuli
1874 3908 2154 3995 legibus,
2200 3930 2361 3994 quae
2388 3908 2627 3974 scholis
2652 3907 2789 3975 illis

589 4004 973 4069 constitutae
1017 4014 1166 4070 sunt
1179 4054 1200 4089 ,
1267 4014 1334 4070 et
1370 4006 1615 4072 normis
1661 4008 1742 4073 de
1788 4008 2039 4074 ratione
2086 4017 2152 4073 et
2200 4030 2391 4075 cursu
2427 4007 2794 4075 studiorum

585 4104 1002 4193 praescriptis
1046 4106 1396 4191 subjacent.

674 4202 751 4271 Si
807 4227 883 4271 ea
922 4204 992 4270 in
1031 4226 1104 4270 re
1151 4205 1515 4294 Episcopus
1564 4208 1807 4293 (quoad
1846 4207 2230 4295 Gymnasia)
2274 4207 2791 4275 immutationem

593 4304 938 4391 quamdam
977 4306 1408 4391 necessariam
1473 4309 1582 4372 vel
1612 4309 1827 4395 magis
1898 4318 2326 4399 opportunam
2379 4307 2793 4393 judicaverit,

595 4402 859 4467 consilia
904 4405 1195 4471 conferet
1237 4430 1382 4473 cum
1422 4408 1632 4494 Regio
1682 4409 2041 4493 Gubernio,
2086 4409 2261 4497 quod
2305 4408 2463 4477 item
2500 4431 2628 4495 pro
2676 4433 2791 4477 sua
