2959 4984
393 313 486 366 v.1-.
562 311 859 370 REGULA
897 311 1423 368 CHRODOGANGI
1461 311 1791 370 EPISCOPI
1827 313 2208 374 METENSIS.
2434 321 2495 374 21

127 481 446 564 coniuncti,
490 507 530 546 a
567 480 788 548 litibus
833 481 940 544 vel
981 481 1298 546 scandalis
1347 502 1466 547 seu
1507 481 1655 549 odio
1702 483 1953 548 semoti.
1997 483 2229 551 Pastor
2270 507 2497 554 eorum

125 581 372 666 quilibet
409 582 642 663 fuerit,
689 604 820 645 non
869 581 1079 646 solum
1127 582 1210 646 de
1253 582 1633 666 carnalibus,
1676 584 1795 648 sed
1840 583 2031 648 etiam
2074 585 2157 650 de
2200 585 2494 674 spiritua-

122 682 273 746 libus
327 705 546 746 curam
609 690 836 768 gerat:
906 691 972 746 et
1027 683 1096 748 in
1155 691 1429 767 utraque
1486 692 1669 770 parte
1730 683 2207 770 sagacissimam
2265 687 2499 752 sollici-

123 781 427 864 tudinem,
492 783 560 846 in
619 804 747 866 quo
791 783 1060 846 facultas
1103 782 1331 866 fuerit,
1403 783 1671 849 habeat:
1743 793 1817 848 ut
1862 793 1929 850 et
1971 786 2125 852 vitia
2166 788 2496 875 reprimat,

122 891 180 944 et
235 903 307 946 ea
363 881 676 947 radicitus
697 931 718 965 ‚
788 892 862 948 ut
913 882 1066 948 oriri
1135 883 1509 972 coeperint,
1577 892 1647 948 ut
1710 886 2078 972 praevalet,
2159 897 2493 977 amputare

119 981 394 1064 festinet3
465 991 532 1046 et
598 982 773 1067 quod
816 983 1040 1048 usibus
1085 983 1380 1048 humanis
1391 1031 1410 1067 ‚
1472 984 1655 1048 iuxta
1694 985 1969 1050 formam
2009 989 2231 1052 subter
2278 988 2494 1077 dispo-

121 1082 320 1163 sitam,
363 1082 807 1148 necessarium
845 1082 1074 1165 fuerit,
1119 1084 1211 1148 eis
1250 1086 1569 1172 praebere
1612 1083 1864 1149 audeat.
1952 1083 2049 1152 Ut
2086 1109 2232 1152 cum
2274 1098 2495 1176 pastor

117 1190 432 1267 pastorum
486 1182 820 1267 iudexque
884 1182 1179 1250 vivorum
1243 1193 1310 1248 et
1365 1192 1769 1249 mortuorum
1816 1183 2111 1250 Christus
2153 1187 2222 1251 in
2264 1187 2493 1252 ultimo

121 1282 577 1368 tremendoque
623 1283 728 1346 die
767 1282 836 1347 in
877 1284 1032 1349 sede
1071 1283 1418 1348 maiestatis
1461 1305 1617 1348 suae
1657 1283 2125 1372 disceptaturus
2166 1309 2313 1350 cum
2362 1309 2496 1352 om-

119 1381 287 1446 nibus
360 1382 666 1469 gentibus
733 1383 1024 1465 sederit,
1093 1393 1158 1448 et
1220 1383 1426 1448 omnis
1495 1384 1707 1449 clerus
1774 1405 1925 1448 eum
1988 1386 2275 1451 relevata
2336 1387 2499 1452 facie

120 1483 554 1570 conspexerit3
619 1493 690 1548 et
747 1483 801 1548 si
844 1507 975 1548 non
1019 1507 1164 1548 cum
1209 1484 1472 1549 summis
1517 1485 1877 1571 pastoribus
1922 1493 1989 1550 et
2021 1487 2335 1572 gregibus
2377 1487 2498 1553 sibi

119 1583 458 1648 commissis
514 1605 636 1671 pro
702 1584 1084 1672 dispensatis
1150 1584 1405 1650 talentis
1449 1586 2017 1674 multiplicatisque
2060 1587 2497 1674 spiritualibus

121 1682 296 1746 lucris
317 1732 337 1765 ‚
377 1683 608 1748 audire
651 1685 1078 1750 merebimur:
1151 1684 1344 1772 Euye
1384 1709 1567 1750 serve
1612 1687 1773 1751 bo'ne
1818 1701 1879 1752 et
1908 1685 2170 1770 fidebis:
2230 1687 2340 1752 vel
2379 1687 2501 1752 sal-

123 1791 238 1846 tem
279 1785 404 1849 hoc
451 1785 863 1868 concedatur,
905 1793 978 1850 ut
1024 1786 1408 1850 delictorum
1447 1787 1640 1852 venia
1682 1787 1764 1852 ad
1802 1787 2132 1874 integrum
2164 1787 2497 1852 tribuatur.

122 1883 275 1964 Quia
310 1885 724 1950 manifestum
767 1894 885 1968 est,
931 1886 1162 1971 quibus
1204 1896 1617 1974 peccatorum
1660 1888 1849 1952 venia
1890 1887 1973 1952 ad
2014 1887 2343 1973 integrum
2388 1887 2496 1951 tri-

125 1982 351 2067 buitur,
395 1985 591 2070 regni
629 1984 932 2050 introitus
973 2009 1105 2050 non
1147 1996 1463 2074 negatur:
1526 1988 1675 2073 quia
1714 2011 1838 2053 nec
1875 1987 2107 2052 infelix
2147 1995 2364 2074 potest
2406 1987 2501 2052 iu-

124 2081 321 2166 dicari,
364 2085 474 2170 qui
520 2085 870 2171 contigerit
915 2087 1452 2172 qualemcumque
1500 2097 1752 2176 partem
1794 2089 1862 2153 in
1901 2088 2201 2176 paradiso
2244 2088 2502 2154 habere.

111 2173 243 2246 ‘Sed
300 2185 429 2250 illis
473 2185 718 2251 ibidem
764 2209 902 2251 sors
947 2187 1174 2272 datur,
1240 2189 1351 2272 qui
1392 2189 1459 2253 in
1505 2199 1813 2273 quantum
1856 2199 2129 2278 possunt
2170 2211 2291 2278 per
2330 2189 2503 2254 vitae

125 2285 402 2350 meritum
449 2286 532 2351 ad
576 2288 704 2352 hoc
743 2287 811 2352 in
853 2287 1042 2353 huius
1090 2289 1401 2378 temporis
1441 2291 1781 2372 curricu10,
1826 2290 1979 2356 dum
2020 2289 2190 2373 licet,
2240 2311 2503 2355 currere

124 2382 420 2451 festinant.

264 2485 684 2551 Intendamus
736 2510 897 2574 ergo
941 2489 1025 2552 ad
1071 2489 1197 2553 hoc
1239 2488 1522 2552 animum
1566 2497 1872 2572 quantum
1915 2511 2294 2576 possumus3
2351 2489 2499 2574 quia

124 2604 234 2675 non
271 2609 616 2674 possumus
661 2598 968 2672 quantam
1014 2589 1364 2654 debemus:
1418 2598 1482 2652 et
1520 2588 1651 2652 vita
1690 2597 1911 2652 nostra
1938 2588 2021 2652 ad
2050 2597 2303 2676 tempus
2332 2613 2498 2652 ama-

123 2695 308 2748 rescat
367 2686 436 2751 in
504 2687 939 2775 poenitentia3
1004 2711 1090 2752 ne
1133 2687 1292 2754 ultio
1338 2681 1593 2772 divina,
1664 2709 1827 2774 quae
1868 2681 2043 2753 nunc
2078 2688 2249 2754 mitis
2293 2697 2390 2752 est
2435 2697 2501 2752 et

124 2797 450 2872 exspectat,
493 2797 644 2876 post
687 2788 928 2854 saeviat
967 2789 1050 2853 ad
1098 2789 1468 2854 vindictam.

957 2888 1248 2980 Explicit
1291 2888 1641 2984 Prologus.

381 3089 619 3180 Incipit
661 3090 892 3176 regula
939 3087 1409 3176 Chrodogangi
1451 3089 1767 3156 Metensis
1810 3089 2098 3181 episcopi
2119 3091 2205 3178 ³⁸).

866 3240 1024 3330 Cap.
1059 3241 1114 3305 I.
1201 3239 1306 3304 De
1346 3240 1725 3305 humilitate.

273 3389 521 3456 Clamat
563 3392 748 3458 nobis
795 3393 1112 3482 scriptura
1156 3393 1409 3458 divina:
1474 3392 1696 3457 Omnis
1742 3395 1859 3482 qui
1894 3416 1963 3456 se
2006 3393 2258 3456 exaltat
2301 3391 2501 3456 leumi-

130 3486 408 3571 imbitur,-
477 3507 538 3557 et
586 3495 702 3582 qui
738 3517 805 3556 se
847 3493 1146 3558 humiliat
1187 3491 1585 3558 emaltabitur
1615 3491 1808 3578 (Luc
1837 3493 1964 3580 14).
2044 3493 2147 3575 Et,
2194 3502 2501 3578 quantum

128 3589 280 3653 enim
311 3592 612 3657 humilior
643 3593 863 3678 fueris,
905 3603 1153 3658 tantum
1179 3603 1242 3657 te
1279 3593 1571 3679 sequitur
1598 3593 1849 3679 gloriae
1876 3591 2168 3658 altitude.
2209 3593 2313 3676 Et,
2346 3595 2498 3680 quia

129 3692 394 3774 superbis
435 3691 615 3758 Deus
677 3696 962 3772 resistit,
1028 3693 1373 3758 humilibus
1443 3707 1657 3759 autem
1715 3695 1826 3758 dat
1875 3697 2159 3780 qratiam
2203 3687 2357 3777 (Ia'c.
2400 3691 2491 3776 4).

133 3785 465 3878 Omnisque
526 3817 835 3880 arrogans
897 3793 1268 3860 immundus
1338 3804 1436 3860 cst
1506 3816 1723 3860 coram
1768 3792 2053 3860 Domino
2102 3793 2321 3874 (Prov.
2368 3791 2497 3876 16).

134 3889 597 3979 Quemcumque
655 3895 828 3959 enim
895 3881 1247 3984 superbum
1287 3894 1565 3978 videriS,
1633 3895 1841 3960 filium
1889 3893 2130 3958 diaboli
2176 3914 2319 3956 esse
2364 3914 2494 3956 non

133 3987 389 4058 dubites:
433 4004 498 4060 et
542 4016 736 4080 quem
755 3995 804 4081 ¹)
844 3995 1159 4060 humilem
1183 3994 1623 4084 perspexeriS‚
1668 3994 1799 4060 Dei
1828 3994 2032 4058 filium
2062 4015 2204 4058 esse
2234 3990 2493 4058 omnino

298 4240 344 4312 *)
381 4246 470 4296 Ea:
508 4245 641 4297 Mu.
686 4245 967 4308 Vaticano,
1006 4243 1204 4314 Andeg.
1247 4253 1298 4296 et
1333 4245 1550 4296 Fiscan.
1596 4252 1648 4294 et
1684 4241 1994 4312 apoqrapho
2032 4238 2321 4292 Sirmondi.
2375 4238 2499 4288 Ex-

133 4335 222 4380 atae
255 4340 302 4382 et
331 4333 449 4386 alia
489 4334 703 4385 brevior
726 4371 742 4398 ‚
797 4331 890 4383 sed
937 4332 1308 4400 interpolata,
1366 4333 1425 4382 in
1460 4329 1660 4382 Annal.
1695 4329 1902 4382 Eccles.
1943 4329 2138 4378 Fran-c,
2196 4325 2265 4377 ad
2302 4343 2499 4378 annum

133 4410 233 4468 757.
293 4420 422 4472 Alia
476 4437 698 4472 rursum
751 4421 1089 4486 aliquantum
1137 4419 1450 4488 discrepans
1501 4417 1567 4470 ab
1615 4425 1844 4484 utraque
1868 4453 1883 4478 ‚
1942 4424 2079 4466 tomo
2116 4412 2168 4466 1.
2218 4413 2505 4482 spicilegii

139 4498 447 4560 bucheriani.
675 4505 732 4568 1)
770 4507 844 4558 al.
885 4520 1301 4572 quemcumque.
