2959 4984
564 277 811 331 Lxxxl·
886 276 1363 332 FAcmer'rEs
1406 278 1548 330 PRO
1585 277 1779 330 Fosso
1813 278 2173 332 EXTERNO.
2445 278 2556 332 518

306 439 411 506 15.
500 437 897 506 celebrandi
942 439 1043 506 bis
1084 439 1155 505 in
1200 440 1327 524 die,
1366 440 1428 507 ,si
1472 439 1825 507 necessitas
1865 450 2134 528 urgeat,
2177 444 2268 510 ita
2311 453 2549 529 tamen,

136 549 215 606 ut
254 540 327 606 in
372 538 585 626 prima
632 537 832 606 Missa
874 562 1011 606 non
1056 539 1407 626 sumpserit
1450 539 1870 624 ablutionem,
1921 563 2042 628 per
2083 565 2278 610 unam
2325 544 2554 612 horam

132 649 287 706 ante
334 639 700 720 Auroram,
748 648 817 704 et
854 639 1047 704 aliam
1096 649 1247 727 post
1286 638 1666 723 Meridiem,
1713 639 1852 705 sine
1899 641 2198 708 Ministro
2216 694 2236 727 ‚
2281 647 2400 711 sub
2443 645 2552 712 dio

134 749 205 804 et
252 741 377 806 sub
418 749 625 823 terra,
666 739 739 804 in
778 740 923 804 loco
968 747 1187 805 tamen
1232 739 1514 825 decenti,
1559 738 1810 804 etiamsi
1852 739 2082 806 Altare
2129 743 2214 808 sit
2255 745 2552 830 fractum,

130 840 243 904 vel
288 839 433 904 sine
474 839 793 926 Reliquiis
836 838 1246 920 Sanctorum,
1290 848 1359 906 et
1397 839 1852 926 praesentibus
1891 839 2278 927 Haereticis,
2323 841 2547 911 Schis-

146 940 401 1006 maticis
418 989 440 1024 ‚
481 939 869 1006 Infidelibus
886 987 905 1022 ,
950 948 1019 1004 et
1062 938 1636 1010 excommunica-fis
1650 988 1671 1022 ,
1718 948 1783 1004 et
1826 939 2014 1006 aliter
2055 942 2372 1008 celebrari
2411 967 2550 1010 non

142 1040 372 1128 possit.
461 1035 707 1104 Caveat
742 1060 900 1103 vero
920 1089 939 1122 ,
998 1060 1083 1103 ne
1124 1038 1454 1124 praedicta
1497 1039 1800 1107 facultate
1820 1091 1840 1124 ,
1903 1062 2018 1105 seu
2041 1040 2550 1129 ,dispensatione

142 1137 525 1206 celebrandi
565 1137 663 1208 bis
710 1138 781 1204 in
826 1139 932 1204 die
979 1137 1199 1221 aliter,
1246 1159 1441 1223 quam
1488 1160 1576 1204 ex
1616 1139 2018 1225 gravissimis
2065 1141 2294 1225 causis,
2339 1153 2404 1208 et
2442 1167 2543 1208 ra-

132 1239 395 1308 rissime
439 1247 674 1322 utatur,
717 1239 789 1304 in
832 1261 961 1325 quo
1002 1237 1291 1326 graviter
1324 1237 1528 1325 ipsius
1559 1239 1954 1306 conscientia
1979 1251 2304 1308 oneratur.
2349 1241 2546 1325 Quod

130 1341 189 1404 si
246 1341 421 1404 hanc
476 1339 774 1405 eamdem
826 1339 1198 1407 facultatem
1258 1340 1447 1405 alteri
1505 1338 1847 1408 Sacerdoti
1902 1343 2094 1428 juxta
2153 1353 2543 1430 potestatem

130 1439 415 1505 inferius
460 1440 917 1528 apponendam
958 1439 1433 1506 communicare
1453 1492 1473 1525 ‚
1533 1451 1646 1507 aut
1689 1465 1908 1508 causas
1952 1465 2029 1509 ea
2066 1444 2295 1510 utendi
2335 1444 2549 1532 alicui,

138 1542 255 1629 qui
301 1564 341 1604 a
383 1539 625 1608 Sancta
672 1537 849 1606 Sede
890 1540 1058 1605 hanc
1098 1540 1467 1605 facultatem
1515 1541 1883 1628 obtinuerit,
1935 1545 2293 1631 approbare
2335 1545 2546 1610 visum

125 1641 363 1724 fuerit,
422 1640 591 1705 serio
636 1640 839 1726 ipsius
884 1639 1315 1706 conscientiae
1358 1641 1755 1728 injungitur,
1798 1652 1872 1708 ut
1915 1644 2136 1732 paucis
2183 1645 2539 1730 dumtaxat,

132 1741 352 1829 iisque
394 1739 761 1805 maturioris
806 1739 1232 1828 prudentiae,
1273 1763 1349 1806 ac
1389 1741 1548 1826 zeli,
1593 1751 1658 1808 et
1701 1742 1810 1830 qui
1851 1745 2144 1809 absolute
2183 1745 2534 1812 necessarii

129 1840 289 1924 sint,
334 1863 457 1906 nec
494 1863 613 1928 pro
660 1839 949 1928 quolibet
991 1840 1157 1922 loco,
1204 1840 1321 1905 sed
1370 1841 1485 1907 ubi
1529 1842 1747 1930 gravis
1794 1844 2148 1910 necessitas
2187 1845 2432 1931 tulerit,
2478 1855 2544 1912 et

128 1941 221 2007 ad
284 1942 483 2006 breve
540 1950 796 2028 tempus
860 1939 1158 2005 eamdem
1214 1941 1650 2008 communicet
1665 1994 1686 2028 ,
1753 1951 1866 2009 aut
1912 1944 2278 2033 respective
2324 1969 2549 2013 causas

130 2043 479 2130 approbet.

310 2142 409 2207 16.
495 2140 859 2207 Deferendi
904 2139 1407 2209 Sanctissimum
1450 2139 1951 2208 Sacramentum
2005 2144 2260 2209 occulte
2307 2146 2390 2211 ad
2433 2145 2542 2212 In-

130 2244 397 2325 firmos,
448 2242 589 2307 sine
628 2242 917 2326 lumine,
975 2241 1269 2330 illudque
1319 2240 1459 2306 sine
1503 2241 1740 2306 eodem
1781 2241 2104 2308 retinendi
2145 2266 2267 2332 pro
2311 2245 2544 2310 iisdem

135 2341 455 2426 Infirmis‚
494 2341 569 2407 in
609 2342 755 2408 loco
796 2352 1018 2408 tamen
1058 2339 1335 2427 decenti,
1380 2341 1437 2406 si
1481 2342 1562 2406 ab
1592 2341 1982 2427 Haereticis,
2022 2350 2134 2408 aut
2173 2343 2546 2411 infidelibus

136 2443 223 2510 sit
266 2443 630 2530 periculum
676 2442 1022 2531 sacrilegii.

306 2543 409 2608 17.
497 2541 825 2610 Induendi
868 2543 1156 2610 vestibus
1197 2541 1657 2628 saecularibus,
1701 2543 1758 2608 si
1798 2543 1988 2610 aliter
2018 2545 2128 2610 vel
2155 2545 2432 2610 transire
2463 2539 2547 2611 ad

132 2643 283 2708 loca
322 2663 551 2706 eorum
594 2665 785 2708 curae
830 2642 1190 2727 commissa,
1229 2643 1339 2708 vel
1376 2642 1445 2707 in
1485 2641 1564 2707 iis
1607 2663 1994 2728 permanere
2036 2665 2170 2710 non
2217 2651 2543 2732 poterunt.

308 2741 411 2806 18.
498 2740 841 2808 Recitandi
878 2742 1224 2808 Rosarium
1239 2793 1259 2827 ,
1326 2742 1436 2806 vel
1495 2741 1654 2806 alias
1699 2763 1932 2830 preces
1945 2795 1965 2828 ,
2033 2743 2088 2808 si
2129 2741 2544 2810 Breviarium

134 2863 359 2906 secum
400 2840 659 2906 deferre
700 2865 837 2910 non
878 2851 1187 2931 poterunt
1203 2893 1223 2928 ,
1282 2842 1393 2906 vel
1431 2841 1750 2910 Divinum
1796 2841 2108 2910 Officium
2151 2845 2240 2910 ob
2281 2842 2544 2932 aliquod

135 2939 511 3028 legitimum
552 2940 1091 3028 impedimentum
1134 2939 1411 3008 recitare
1452 2958 1590 3008 non
1614 2939 1912 3006 valeant.

310 3040 412 3104 19.
496 3039 937 3128 Dispensandi
956 3089 976 3124 ‚
1043 3039 1301 3128 quando
1366 3039 1682 3127 expedire
1733 3040 2062 3108 videbitur
2081 3091 2106 3126 ,
2171 3063 2368 3132 super
2429 3063 2546 3110 esu

134 3138 451 3223 carnium,
498 3161 788 3223 ovorum,
837 3149 901 3206 et
941 3139 1409 3206 lacticiniorum
1452 3148 1750 3227 tempore
1774 3139 1824 3210 J
1825 3161 2212 3224 eJumorum,
2257 3149 2324 3205 et
2361 3160 2546 3227 prae

138 3238 365 3306 sertim
410 3237 985 3326 Quadragesimae.

306 3337 415 3403 20.
505 3336 1045 3405 Communicandi
1097 3338 1214 3404 has
1258 3338 1598 3404 facultates
1641 3337 1711 3402 in
1755 3345 2004 3420 totum,
2065 3339 2174 3404 vel
2217 3338 2289 3404 in
2336 3348 2546 3430 parte,

128 3447 333 3526 prout
369 3460 533 3525 opus
576 3459 719 3504 esse
760 3438 1115 3506 secundum
1160 3440 1299 3522 ejus
1344 3437 1808 3504 conscientiam
1840 3436 2250 3522 judicaverit,
2313 3433 2544 3504 Sacer-

139 3539 401 3606 dotibus
441 3537 755 3604 idoneis
736 3561 807 3604 ιιι
848 3537 1274 3604 conversione
1310 3537 1702 3605 Animarum
1740 3535 2203 3619 laborantibus,
2247 3545 2314 3602 et
2358 3556 2546 3621 prae-

137 3640 369 3706 sertim
436 3648 732 3727 tempore
794 3637 895 3702 sui
936 3637 1191 3720 obitus3
1257 3647 1331 3704 ut
1372 3635 1550 3706 Sede
1594 3645 1865 3704 vacante
1903 3635 2072 3719 sint,
2141 3637 2252 3725 qui
2291 3637 2546 3726 possint

133 3738 472 3828 supplere,
518 3738 729 3807 donec
770 3736 984 3804 Sedes
1027 3737 1411 3825 Apostolica
1452 3737 1692 3805 certior
1731 3737 1920 3819 facta,
1965 3736 2141 3821 quod
2179 3759 2390 3825 quam,
2410 3736 2544 3826 pri-

128 3863 319 3906 mum
380 3838 523 3904 fieri
584 3838 847 3906 debebit
902 3859 1023 3927 per
1062 3837 1425 3925 Delegatos
1441 3887 1463 3922 ‚
1522 3846 1638 3904 aut
1689 3859 1810 3927 per
1851 3858 2057 3904 unum
2101 3858 2187 3904 ex
2226 3837 2308 3904 iis
2327 3887 2348 3922 ,
2413 3838 2542 3904 alio

132 3941 337 4006 modo
384 3937 741 4027 provideat.

147 4107 156 4112 ,
304 4039 409 4104 21.
491 4037 579 4104 Et
636 4037 1003 4128 praedictae
1058 4038 1397 4104 facultates
1452 4039 1660 4126 gratis
1679 4087 1700 4121 ‚
1771 4047 1842 4104 et
1877 4038 2020 4106 sine
2063 4037 2200 4104 ulla
2238 4039 2544 4106 mercede

130 4147 593 4224 exerceantur,
638 4148 703 4206 et
739 4161 861 4227 pro
902 4149 1199 4228 tempore
1238 4138 1323 4204 ad
1360 4136 1842 4228 beneplacitum
1885 4136 1958 4204 S.
1992 4137 2544 4225 congregationis

130 4240 219 4307 de
264 4239 708 4327 Propaganda
750 4239 921 4307 Fide
962 4249 1215 4308 tantum
1255 4260 1606 4306 concessae
1648 4238 2120 4326 intelligantur.
2163 4307 2174 4312 ,

305 4339 410 4406 22.
495 4337 749 4408 Utendi
788 4339 1025 4408 iisdem
1066 4338 1482 4406 facultatibus
1519 4339 1588 4404 in
1621 4337 1786 4406 locis
1811 4346 2062 4406 tantum
2087 4337 2432 4407 Dioecesis
2453 4336 2540 4406 N.

308 4439 417 4507 Ex
464 4439 823 4509 Audientia
861 4439 1265 4508 sanctissimi
1302 4439 1524 4508 habita
1565 4439 1670 4509 die
1697 4487 1712 4506 .
1735 4487 1750 4506 .
1775 4439 2018 4508 mensis
2047 4488 2062 4505 .
2084 4489 2101 4506 .
2129 4489 2146 4503 .
2175 4437 2330 4506 anni
2357 4487 2374 4506 .
2399 4485 2414 4506 .
2441 4486 2458 4505 .

195 4545 379 4591 Walter
409 4541 585 4587 Fontes
618 4544 738 4587 iuria
773 4545 1102 4588 ecclesiastici.
2077 4541 2148 4599 33
