2959 4984
435 308 529 365 tv.
605 307 712 363 nx
741 278 962 365 mimo
999 306 1274 363 numne
1309 307 1779 365 Romanunm
1812 307 2273 365 remmom.
2462 310 2531 365 13

165 475 682 543 stianissimorum
741 478 1174 545 Dominorum
1237 486 1605 545 nostrorum
1630 524 1651 558 ‚
1718 478 1823 545 Ill.
1872 486 1939 543 et
1986 478 2095 543 Iu:
2138 497 2543 573 magnorum,

161 578 482 659 victorum,
523 577 1016 663 Imperatorum,
1056 588 1130 643 ut
1170 578 1501 665 regalibus
1538 600 1765 645 eorum
1799 577 2143 643 virtutibus
2176 575 2541 643 misericors

159 678 332 743 Deus
365 678 762 765 multiplices
805 678 1120 743 concedat
1159 678 1460 745 victorias
1485 724 1505 758 ,
1574 688 1641 743 et
1688 678 1769 743 de
1814 677 2211 745 subiectione
2256 674 2541 741 omnium

161 778 439 865 gentium
484 776 914 845 Christianam
949 777 1414 867 rempublicam
1453 778 1645 843 faciat
1686 778 2083 865 triumphare
2096 826 2119 859 ,
2176 776 2389 861 deque
2434 796 2536 841 re-

163 879 366 945 stituta
405 877 663 965 plenius
708 878 984 946 Romani
1023 878 1294 966 Imperii
1335 878 1551 965 prisca
1590 878 1937 955 devotione
1977 876 2287 945 laetitiam
2326 874 2541 943 cordis

164 978 496 1067 impertiat.

319 1076 570 1149 Scimus
617 1077 810 1161 enim,
851 1078 1028 1163 quod
1071 1077 1274 1143 oratio
1327 1078 1487 1161 eius,
1526 1098 1719 1163 quem
1756 1076 1843 1141 ad
1879 1075 2277 1143 Pontificalis
2330 1077 2543 1163 digni-

157 1178 296 1241 tatis
337 1178 590 1244 culmen
631 1176 764 1241 Dei
818 1186 980 1241 nutu
1037 1176 1340 1263 eligimus
1369 1227 1388 1260 ‚
1459 1177 1743 1243 divinam
1806 1176 2338 1264 omnipotentiam
2404 1178 2539 1243 suis

155 1278 446 1365 precibus
489 1278 712 1343 flectet
755 1285 946 1361 atque
991 1277 1418 1364 complacabit
1430 1325 1450 1359 ‚
1534 1286 1601 1341 et
1665 1285 1919 1364 optatae
1960 1276 2283 1341 felicitatis
2331 1277 2539 1343 incre·

159 1387 366 1443 menta
398 1378 688 1446 Romano
729 1376 1018 1465 Imperio
1076 1376 1489 1465 praeparabit
1507 1426 1526 1459 ,
1593 1386 2007 1461 vestramque
2060 1400 2101 1441 a
2136 1377 2287 1443 Deo
2331 1387 2539 1443 custo-

161 1478 451 1543 diendam
501 1486 892 1566 potestatem
911 1526 930 1559 ‚
987 1478 1072 1541 ad
1121 1477 1669 1565 dispensationem
1729 1476 1921 1541 huius
1976 1477 2231 1543 servilis
2276 1478 2541 1545 Italicae

157 1578 527 1645 Provinciae
555 1626 574 1660 ‚
619 1586 1042 1662 nostrumque
1085 1576 1372 1643 omnium
1415 1577 1805 1642 famulorum
1846 1577 2240 1665 praesidium
2286 1587 2353 1647 et
2392 1581 2541 1645 sub-

157 1686 413 1743 ventum
449 1676 788 1763 longaevis
827 1698 1154 1741 armorum
1195 1676 1352 1741 actis
1401 1676 1823 1741 conservabit.

320 1776 874 1865 Subscriptio
939 1773 1520 1842 Sacerdotum.
1605 1776 1752 1861 Ego
1816 1776 1921 1841 Ill.
1982 1775 2245 1841 humilis
2312 1776 2547 1841 Archi-

161 1880 499 1965 presbyter
553 1886 810 1947 sanctae
831 1877 1158 1943 Romanae
1181 1876 1513 1943 Ecclesiae
1545 1876 1699 1943 huic
1734 1877 1995 1943 decreto
2038 1877 2107 1941 in
2134 1877 2241 1941 111.
2288 1877 2549 1943 sanctis-

161 1978 384 2043 simum
406 1978 956 2043 Archidiaconum
987 1986 1053 2041 et
1073 1976 1376 2041 Electum
1404 1986 1698 2041 nostrum
1740 1977 2147 2043 consentiens
2180 1977 2549 2065 subscripsi.

321 2076 862 2166 Subscriptio
909 2078 1340 2143 laicorum.
1441 2076 1591 2163 Ego
1634 2077 1741 2143 Ill.
1779 2077 1847 2141 in
1893 2078 2023 2143 Dei
2063 2077 2324 2143 nomine
2373 2076 2542 2143 Con·

163 2179 258 2243 sul
298 2178 448 2243 huic
489 2178 752 2244 decreto
797 2202 834 2243 a
873 2178 1064 2244 nobis.
1103 2178 1270 2243 facto
1331 2178 1400 2243 in
1443 2178 1548 2243 Iu.
1604 2177 2075 2243 sanctissimum
2123 2176 2541 2243 Archidiaco·

161 2302 310 2343 num
353 2287 418 2343 et
452 2279 752 2344 Electum
791 2287 1086 2343 nostrum
1131 2278 1541 2342 consentiens
1584 2277 1953 2363 subscripsi.

1149 2424 1404 2491 Titulus
1444 2427 1529 2491 V.

337 2558 442 2623 -De
486 2560 796 2624 electione
845 2558 1190 2645 Pontzflcis
1238 2560 1328 2623 ad
1361 2558 1943 2647 Archiepiscopum
1990 2558 2357 2625 Ravennae.

321 2690 910 2783 Superscripti
929 2716 988 2757 ο.
1073 2692 1358 2757 Domino
1402 2692 1801 2757 sanctissimo
1842 2691 2029 2757 nobis
2074 2690 2388 2779 spirituali
2421 2691 2543 2755 Pa-

175 2790 264 2871 tri,
304 2792 402 2858 Ill.
442 2793 993 2881 Archiepiscep0‚
1062 2792 1166 2857 Ill.
1211 2792 1767 2881 Archipresbyter
1786 2842 1805 2873 ‚
1853 2792 1960 2857 Ill.
2006 2791 2545 2874 Archidiaconus,

175 2897 232 2951 et
265 2889 365 2955 nl.
405 2892 826 2958 Primicerius
871 2892 1290 2959 Notariorum
1315 2942 1336 2975 ,
1403 2902 1737 2958 servantes
1794 2894 2011 2957 locum
2068 2902 2324 2956 sanctae
2366 2891 2537 2955 sedis

175 2986 592 3076 Apostolicae.

316 3090 491 3155 Inter
533 3100 808 3173 caetera,
852 3112 1016 3176 quae
1060 3113 1346 3157 summae
1384 3091 1737 3157 divinitatis
1786 3093 2051 3157 consilio
2094 3092 2545 3179 disponuntur,

170 3184 540 3255 Pontificalis
589 3192 1012 3278 promotionis
1053 3192 1444 3273 sublimitas,
1510 3192 1652 3280 ipso
1682 3241 1701 3274 ‚
1772 3217 1809 3257 a
1850 3214 1977 3276 quo
2016 3192 2315 3279 procedit
2354 3212 2545 3258 omne

167 3285 388 3354 bonum
408 3340 428 3373 ‚
488 3292 1014 3378 praedestinante
1057 3314 1132 3356 ac
1175 3290 1497 3376 largiente
1532 3292 1933 3357 conceditur.
2031 3292 2229 3374 Quod
2272 3293 2419 3377 quia
2456 3293 2547 3355 ita

164 3384 409 3453 dubium
451 3414 584 3455 non
629 3399 728 3455 est
749 3438 770 3472 ‚
832 3400 1086 3456 sanctae
1151 3399 1217 3457 et
1273 3401 1579 3477 paternae
1631 3391 2029 3455 Beatitudini
2074 3402 2329 3457 vestrae
2374 3393 2539 3456 indi-

164 3508 300 3551 care
344 3490 724 3569 curavimuS,
767 3490 941 3575 quod
969 3490 1367 3555 Pontificalis
1411 3490 1761 3555 memoriae
1782 3491 2068 3556 Domino
2100 3492 2203 3557 Ill.
2243 3493 2325 3556 de
2357 3514 2543 3581 prae-

159 3588 431 3654 sentibus
475 3590 646 3655 curis
705 3590 788 3654 ad
828 3599 1158 3655 aeternam
1200 3592 1497 3675 requiem
1540 3600 1801 3656 evocato
1825 3642 1844 3673 ‚
1912 3602 2217 3657 consueta
2258 3593 2388 3657 Dei
2430 3595 2541 3656 be-

157 3684 428 3771 nignitas
465 3690 865 3755 tristitiarum
917 3692 1159 3755 molem
1180 3740 1200 3773 ‚
1264 3711 1431 3775 quae
1477 3712 1599 3755 nos
1643 3692 1727 3756 de
1770 3692 2099 3779 praeteriti
2149 3693 2545 3779 dispensato—

156 3784 238 3849 ris
279 3788 582 3855 frustratu
621 3792 714 3855 ad»
746 3790 1084 3878 paululum
1121 3791 1597 3873 obstrinxerat,
1660 3792 1961 3857 abstersit
2016 3801 2209 3877 atque
2246 3791 2543 3856 inlinivit.

157 3881 405 3955 Etenim
437 3914 522 3957 ne
567 3891 680 3955 diu
723 3890 890 3956 ictus
931 3891 1298 3957 afflictionis
1340 3913 1456 3955 nos
1505 3890 1838 3973 sauciaret,
1893 3892 2239 3980 providum
2282 3912 2357 3955 ac
2391 3891 2541 3955 Deo

157 3984 450 4067 placitum
490 3990 912 4078 Apostolicae
961 3992 1122 4057 vicis
1167 4013 1605 4057 successorem
1646 3992 2014 4057 condonare
2060 3992 2323 4077 dignata
2362 4000 2477 4057 est.

312 4088 394 4153 In
429 4113 634 4155 unum
677 4092 919 4179 quippe
959 4100 1110 4179 post
1150 4092 1456 4175 triduum,
1498 4100 1573 4156 ut
1614 4093 1813 4157 moris
1858 4101 1975 4175 est,
2018 4092 2543 4157 convenientibus

157 4186 356 4271 nobis,
396 4190 464 4254 id
507 4200 625 4273 est,
669 4189 1166 4275 SacerdotibuS‚
1209 4200 1274 4257 et
1307 4192 1561 4277 reliquo
1607 4192 1781 4257 omni
1838 4190 2033 4257 Clero
2048 4239 2067 4272 ‚
2118 4189 2543 4255 eminentissi-

157 4285 272 4349 mis
321 4288 706 4357 Consulibus
751 4300 818 4355 et
855 4290 1162 4376 gloriosis
1201 4290 1520 4357 iudicibus
1538 4340 1559 4373 ,
1602 4314 1678 4355 ac
1717 4290 2158 4358 Universitate
2202 4288 2439 4355 civium
2476 4296 2545 4353 et

159 4382 438 4455 florentis
477 4391 754 4458 R‘omani
797 4391 1122 4457 exercitus
1135 4439 1156 4473 ‚
1194 4390 1266 4454 in
1303 4412 1652 4477 personam
1695 4389 1994 4455 amatoris
2038 4388 2241 4453 vestri
2280 4412 2355 4453 ac
2398 4410 2537 4453 ora-

163 4485 332 4570 toris,
369 4490 632 4557 Domini
672 4491 878 4557 nestri
915 4491 1022 4557 Ill.
1066 4489 1448 4557 sanctissimi
1491 4490 1683 4557 huius
1724 4487 2145 4577 Apostolicae
2186 4488 2362 4553 sedis
2409 4488 2537 4551 Ar-
