2959 4984
399 311 469 366 86
774 309 919 360 XIII.
996 305 1481 361 CONCORDA'I'A
1521 303 2142 360 CONSTANTOENSIA
2179 307 2242 360 A.
2283 304 2439 360 1418.

567 477 757 544 XIII.
848 473 1021 542 Con
1048 475 1411 541 cordata
1456 473 2190 580 Constantiensia
2243 497 2301 540 a.
2345 471 2512 538 1418
2541 472 2634 568 ⁸⁸).

600 659 953 746 Praefatio
1000 675 1059 726 et
1108 662 1537 728 testimonium
1584 657 1852 724 Ioannis
1894 659 2252 726 cardinalis
2297 670 2359 722 et
2403 660 2568 722 vice-

1317 761 1710 826 cancellarii
1731 759 1858 842 **).

579 895 727 981 Ego
783 895 1061 962 Ioannes
1127 895 1467 983 episcopus
1536 891 1857 962 Ostiensis
1923 891 1994 960 S.
2055 893 2132 959 R.
2195 891 2271 958 E.
2328 893 2670 958 cardinalis
2743 902 2812 958 et

400 996 966 1062 vicecancellarius
992 1046 1013 1080 ,
1080 997 1520 1085 infrascriptas
1563 996 2049 1062 constitutiones
2117 1003 2184 1060 et
2217 1002 2448 1059 statuta
2488 994 2810 1058 transvidi

400 1097 469 1162 in
516 1096 897 1161 cancellaria
914 1147 933 1180 ,
979 1097 1062 1162 de
1108 1097 1407 1162 mandato
1456 1097 1699 1161 domini
1743 1096 1949 1161 nostri
1991 1093 2254 1161 Martini
2301 1094 2518 1182 Papae
2561 1095 2646 1160 V.
2691 1094 2806 1159 die

404 1193 554 1261 XV.
595 1196 830 1260 mensis
874 1196 1146 1286 Aprilis,
1191 1197 1614 1262 Pontificatus
1665 1196 1818 1260 dicti
1858 1193 2100 1260 domini
2143 1193 2348 1258 nostri
2371 1193 2590 1281 Papae
2629 1217 2806 1259 anno

400 1297 633 1386 primo,
724 1295 811 1361 Et
852 1298 919 1362 in
962 1296 1129 1363 libro
1172 1297 1592 1362 cancellariae
1649 1295 1775 1362 feci
1825 1296 2020 1362 scribi
2079 1295 2162 1360 de
2200 1293 2434 1359 eodem
2476 1294 2808 1360 mandate.

401 1397 488 1464 Et
526 1397 707 1462 iuxta
751 1395 1042 1462 eiusdem
1102 1396 1346 1462 domini
1412 1397 1616 1462 nostri
1665 1396 2035 1462 mandatum
2093 1395 2186 1460 sie
2252 1393 2580 1460 observari
2623 1417 2806 1459 man-

408 1496 574 1562 davi.
621 1495 707 1562 Et
748 1489 909 1561 nihil
954 1496 1207 1562 extrahi
1256 1518 1333 1561 ea
1374 1497 1501 1562 feci
1545 1505 1611 1562 et
1653 1495 1952 1562 mandavi
1994 1517 2116 1584 per
2162 1495 2482 1560 notarium
2527 1495 2808 1560 subscri-

400 1605 605 1684 ptum,
654 1605 720 1661 et
758 1597 826 1662 in
868 1597 1030 1661 hanc
1070 1597 1392 1685 publicam
1434 1607 1502 1662 et
1544 1595 1975 1662 authenticam
2015 1596 2290 1660 formam
2329 1595 2582 1682 redigi,
2626 1594 2804 1660 inse-

400 1695 607 1761 rendo
679 1718 754 1761 ea
819 1696 901 1761 de
944 1699 1144 1763 verbo
1198 1697 1281 1762 ad
1342 1687 1615 1762 verbum
1644 1747 1663 1778 ,
1709 1704 1908 1784 prout
1965 1695 2034 1760 in
2083 1695 2412 1780 quaternis
2457 1716 2574 1760 seu
2611 1695 2802 1762 libris

404 1796 612 1861 dictae
666 1797 1081 1862 cancellariae
1130 1797 1531 1883 originaliter
1587 1795 1948 1883 conscripta
2003 1795 2308 1860 existunt.
2384 1793 2481 1862 Ut
2521 1795 2592 1860 in
2637 1817 2806 1880 quo-

408 1919 679 1982 cumque
742 1897 981 1962 iudicio
1044 1907 1111 1962 et
1154 1905 1339 1962 extra
1364 1947 1383 1980 ,
1450 1906 1582 1961 tam
1623 1897 1691 1960 in
1735 1897 1909 1961 curia
1950 1895 2281 1977 Romana,
2347 1917 2537 1980 quam
2600 1904 2807 1978 extra,

404 1997 605 2062 fidem
649 1997 1005 2087 plenariam
1049 1998 1284 2063 faciant
1304 2047 1324 2080 ,
1386 1997 1644 2082 illisque
1691 1997 1842 2062 stari
1893 1997 2128 2062 debeat
2168 1995 2809 2078 incommutabiliter,

410 2097 573 2164 sicut
615 2097 899 2186 propriis
942 2097 1384 2184 originalibus
1472 2097 1704 2162 Voluit
1743 2098 2030 2186 insuper,
2071 2095 2418 2177 mandavit,
2459 2105 2528 2160 et
2567 2096 2807 2180 statuit,

408 2208 475 2263 et
516 2198 835 2264 ordinavit
876 2198 1055 2264 idem
1102 2198 1395 2263 dominus
1437 2207 1660 2264 noster
1699 2197 1908 2286 Papa,
1960 2196 2136 2282 quod
2181 2197 2392 2262 omnia
2437 2205 2504 2261 et
2547 2195 2810 2284 singula

407 2296 514 2364 hic
551 2299 946 2388 subscripta,
992 2298 1267 2367 firmiter
1307 2307 1373 2362 et
1400 2297 1822 2363 immobiliter
1865 2299 2310 2362 observentur.
2401 2297 2480 2362 In
2525 2318 2804 2382 quorum

412 2399 696 2466 omnium
742 2399 1184 2466 testimonium
1229 2398 1518 2484 sigillum
1579 2420 1795 2463 meum
1855 2419 2001 2462 cum
2045 2396 2274 2463 notarii
2327 2398 2574 2486 publici
2615 2397 2808 2464 infra-

406 2499 626 2590 scripti
670 2500 1139 2589 subscriptione
1182 2498 1421 2588 apponi
1456 2498 1583 2564 feci
1627 2507 1693 2562 et
1733 2497 2049 2564 mandavi.

806 2684 971 2748 Alia
1012 2681 1351 2768 praefatio
1393 2705 1534 2746 eum
1575 2682 1784 2746 simili
1827 2684 2195 2746 testimonio
2225 2681 2390 2767 ***).

616 2815 959 2884 Universis
1002 2825 1069 2882 et
1114 2815 1383 2902 singulis
1400 2865 1419 2898 ,
1464 2815 1742 2881 Ioannes
1758 2865 1777 2898 ,
1821 2815 2234 2880 miseratione
2281 2814 2498 2880 divina
2539 2815 2807 2904 Episco-

411 2941 532 3008 pus
576 2917 945 2982 Hostiensis
962 2966 982 3000 ,
1023 2923 1305 2981 sanctae
1346 2905 1673 2984 Romanae
1719 2915 2052 2981 Ecclesiae
2102 2913 2464 2982 Cardinalis
2510 2926 2578 2981 et
2614 2919 2805 2984 Vice-

363 3019 374 3026 “
412 3017 851 3100 cancellarius,
892 3017 1163 3082 salutem
1200 3017 1269 3081 in
1307 3015 1596 3082 Domino
1642 3025 1705 3080 et
1743 3015 2191 3104 praesentibus
2236 3015 2437 3081 fidem
2475 3017 2808 3084 indubiam

410 3118 743 3185 adhibere.
819 3115 894 3182 Si
938 3116 1119 3182 iuxta
1159 3116 1551 3183 laudabilem
1594 3116 1999 3200 antiquorum
2047 3117 2428 3182 sententiam
2485 3126 2552 3181 et
2593 3119 2806 3206 provi-

414 3217 568 3282 dum
624 3217 983 3304 sapientum
1044 3216 1383 3282 consilium
1446 3217 1722 3302 dignum
1761 3225 1892 3300 est,
1965 3239 2040 3282 ea
2083 3239 2252 3302 quae
2299 3217 2615 3282 maiorum
2661 3241 2808 3284 con-

412 3317 759 3382 sultissima
799 3316 1209 3406 providentia
1250 3317 1318 3383 in
1374 3318 1810 3382 subiectorum
1856 3317 2130 3402 gratiam
2195 3327 2261 3382 et
2317 3318 2657 3383 commoda
2694 3341 2806 3406 ge-

410 3425 659 3498 runtur,
690 3417 1041 3504 scripturae
1066 3417 1431 3482 testimonio
1467 3416 1804 3502 redigere:
1837 3417 2108 3503 dignum
2141 3425 2240 3482 est
2267 3439 2387 3506 per
2406 3439 2806 3503 consequens

415 3525 482 3582 et
502 3516 734 3582 rationi
758 3525 1275 3600 consentaneum,
1308 3525 1380 3580 ut
1411 3515 1576 3582 adeo
1616 3526 1768 3581 nota
1795 3517 1923 3582 .fiat
1957 3517 2274 3592 ecclesiae,
2297 3539 2522 3582 eorum
2551 3518 2806 3601 veritas,

414 3616 588 3703 quod
618 3615 772 3682 inde
804 3639 925 3682 nec
957 3615 1123 3682 desit
1154 3617 1438 3705 pacificis
1463 3628 1825 3707 opportuna
1846 3616 2152 3707 provisiO,
2186 3637 2310 3682 nec
2341 3637 2807 3702 usquequaque

416 3719 740 3807 perversis
782 3720 900 3784 sub
935 3719 1301 3804 ignorantia
1321 3718 1611 3785 variandi
1635 3721 1861 3810 supina
1891 3719 2157 3786 facilitas
2182 3718 2602 3812 relinquatur.
2643 3715 2805 3784 Cum

409 3821 627 3905 itaque
672 3841 883 3909 nuper
924 3819 1094 3884 inter
1136 3818 1605 3892 sanctissimum
1640 3821 1708 3885 in
1744 3819 2002 3889 Christo
2044 3819 2307 3884 Patrem
2354 3827 2421 3884 et
2448 3817 2804 3898 Dominum

411 3929 706 3986 nostrum
754 3920 1112 3986 Dominum
1176 3919 1525 3988 Martinum
1587 3921 1802 3987 divina
1864 3919 2274 4012 providentia
2323 3918 2570 4006 Papam
2625 3916 2802 4004 quin-

411 4031 568 4103 tum,
614 4029 679 4084 et
718 4019 1140 4088 Reverendos
1187 4021 1435 4104 Patres,
1482 4021 1837 4104 Praelatos,
1885 4044 2008 4087 nec
2049 4042 2180 4086 non
2225 4018 2531 4106 egregios
2577 4028 2642 4082 et
2685 4017 2799 4084 cir-

609 4227 658 4297 *)
690 4227 939 4283 Adhibui
978 4227 1250 4283 editiones
1286 4229 1433 4298 apud
1460 4229 1643 4284 Mansi
1684 4228 1848 4284 Cone.
1891 4229 2047 4284 Tom.
2084 4225 2306 4284 XXVII.
2345 4228 2449 4284 col.
2489 4231 2515 4284 1
2532 4227 2808 4296 189—93.,

411 4314 732 4369 Hartzheim
770 4315 931 4370 Conc.
971 4315 1226 4370 German.
1264 4315 1419 4370 Tom.
1456 4312 1524 4372 V.
1563 4335 1619 4386 p.
1663 4319 1924 4373 725—32.

569 4401 653 4469 **)
688 4401 777 4455 Ex
814 4419 915 4456 ms,
958 4402 1242 4458 Caesareo.

548 4486 665 4554 **³*)
700 4487 791 4540 Ex
829 4506 929 4543 ms.
967 4490 1253 4546 Brunsvic.
