2959 4984
180 261 477 314 Lxxxn.
552 261 1041 315 consmmo
1076 263 1175 314 DE
1210 261 1580 314 metemus
1617 259 2124 312 SYNODALIBUS
2163 259 2228 312 A.
2271 257 2428 314 1⁷41.
2499 257 2608 314 615

177 447 321 494 nec
358 426 597 492 sedulo
636 425 1047 492 examinetur
1059 476 1081 511 ,
1124 447 1206 490 an
1246 425 1538 516 polleant
1575 424 1906 514 requisitis
1946 425 2030 492 ad
2069 425 2204 494 Jus
2235 425 2606 510 dicendum,

180 533 261 591 et
286 525 605 594 «Iustitiae
646 527 927 594 habenas
970 525 1403 592 moderandas
1441 525 1847 592 necessariis.

363 629 427 706 ξ.
454 629 511 692 1.
556 627 768 709 Quam
810 648 1047 713 graves
1088 649 1275 692 curas
1320 625 1393 690 id
1432 626 1658 694 animo.
1679 636 1902 692 nostro
1928 625 2299 714 ingesserit,
2329 645 2604 714 quamve

182 725 428 790 intimo
470 747 771 794 moerore
816 725 1033 792 affecti
1072 727 1271 792 simus
1296 774 1317 809 ,
1356 726 1469 791 ubi
1515 725 1792 790 aliorum
1833 747 1941 792 res
1963 777 1984 811 ,
2045 734 2114 790 et
2151 725 2458 812 negotia,
2519 727 2606 791 ob

178 825 512 894 Jndicum
552 825 1016 912 ignorantiam,
1082 835 1147 892 et
1188 825 1525 910 malitiam,
1566 825 1924 914 periclitari
1947 876 1970 912 ,
2033 835 2104 890 et
2141 825 2210 890 in
2257 824 2606 900 discrimen

182 925 435 990 adduci
474 925 886 1010 rescivimus3
944 926 1275 1014 intelliget
1315 927 1508 1014 plane
1555 925 1658 992 cui
1695 934 2078 1016 perspectus
2123 925 2250 992 erit
2283 925 2397 991 ille
2413 972 2434 1010 ,
2475 947 2605 1012 quo

184 1046 461 1114 semper
500 1025 749 1092 incensi
794 1049 1037 1112 sumus,
1072 1021 1383 1094 'Justitiae
1420 1025 1970 1092 administrandae
2013 1027 2214 1092 zelus.
2267 1023 2414 1094 Sed
2457 1049 2604 1092 cum

186 1124 400 1190 silere
446 1125 707 1209 diutius,
748 1149 869 1216 pro
914 1123 1279 1195 commissa·
1298 1125 1506 1199 Nobis
1553 1125 1956 1214 Populorum
1999 1127 2204 1193 salute
2237 1171 2260 1212 ,
2323 1121 2604 1192 Paterna

192 1221 501 1290 Charitas
546 1247 680 1292 non
718 1235 1084 1314 pateretur,
1150 1235 1219 1292 et
1261 1227 1345 1292 ad
1382 1225 1888 1315 propulsandam
1930 1226 2096 1292 hanc
2145 1221 2602 1314 corruptelam,

187 1324 802 1411 restituendamque
839 1325 1233 1413 judiciorum
1272 1327 1740 1412 integritatem,
1786 1326 2094 1414 congruis
2137 1321 2446 1395 remediis
2475 1317 2604 1392 'ma-

186 1447 335 1491 nus
370 1425 897 1510 admoveremus,
966 1427 1263 1492 novimus
1320 1448 1455 1492 non
1497 1436 1797 1494 recentes
1818 1477 1838 1511 ‚
1911 1422 2028 1492 sed
2073 1429 2403 1494 obsoletas
2463 1421 2608 1495 sss‘e

188 1524 576 1611 hujusmodi
622 1526 941 1612 querelas,
992 1535 1189 1611 atque
1230 1547 1371 1591 rem
1420 1547 1563 1591 csse
1605 1548 1738 1591 non
1775 1525 1858 1590 de
1902 1529 2129 1594 morbo
2171 1549 2344 1592 nunc
2387 1519 2609 1628 ingru—

194 1633 357 1690 ente
381 1675 403 1709 ,
466 1625 585 1690 sed
638 1626 1025 1711 jamdudum
1064 1626 1367 1692 invecto.
1432 1625 1750 1693 Remedia
1804 1627 1886 1692 ad
1942 1627 2126 1694 iUum
2179 1631 2606 1696 avertendum

188 1747 335 1790 non
380 1746 525 1792 esse
562 1726 757 1792 modo
802 1727 1275 1815 excogitanda,
1334 1727 1454 1792 sed
1489 1726 1838 1813 antiquitus
1881 1727 2304 1816 praestituta·
2371 1717 2595 1820 Orig‘i-

190 1851 355 1896 nem
397 1849 557 1892 vero
596 1849 730 1892 non
776 1825 1013 1893 Curiae
1048 1837 1311 1894 nostrae
1344 1827 1676 1894 Romanae
1707 1879 1727 1912 ,
1788 1827 1908 1894 sed
1963 1827 2042 1894 iis
2083 1829 2362 1898 adscribi
2409 1853 2600 1920 opor*

192 1939 364 2015 tere,
408 1928 521 2015 qui
562 1929 647 1994 de
688 1929 877 2014 praxi
926 1928 1221 2016 ejusdem
1248 1925 1488 1996 Curiae
1528 1928 1766 2014 injuste
1807 1929 2000 1994 nimis
2044 1937 2558 2017 conqueruntur.

372 2031 433 2112 §-
476 2029 537 2096 2.
622 2027 699 2096 Si
740 2029 913 2096 enim
953 2030 1154 2116 longe
1197 2029 1535 2118 praeteriti
1573 2031 1886 2119 temporis
1927 2033 2094 2098 ratio
2136 2032 2474 2121 habeatur,
2507 2021 2606 2100 'fa‘

201 2131 329 2196 cile
374 2129 647 2218 quisque
686 2129 985 2216 conjiciet
1020 2131 1135 2196 fel.
1179 2131 1432 2196 record.
1458 2131 1804 2196 Bonifacio
1825 2129 2041 2221 Papae
2056 2133 2248 2200 VIII.
2290 2133 2408 2200 has
2452 2121 2606 2220 quet*-

200 2229 515 2298 rimonias
559 2229 761 2296 fuisse
804 2240 1174 2316 suggestas,
1219 2230 1632 2316 eundemque
1674 2231 2062 2298 Pontificem
2119 2235 2202 2298 ad
2245 2233 2612 2322 implendas

208 2330 579 2418 Apostolici
625 2331 966 2416 regiminis
1008 2341 1229 2419 partes
1252 2382 1272 2416 ,
1310 2356 1428 2399 sua
1454 2333 1807 2400 -Decretali
1851 2333 2182 2402 Statutum
2231 2335 2312 2402 de
2359 2323 2616 2402 Rescri—

210 2428 345 2518 ptis
385 2428 457 2494 in
496 2429 555 2494 6.
600 2430 895 2496 consulto
940 2430 1442 2520 praescripsisse
1465 2482 1486 2516 ,
1541 2453 1626 2497 ne
1671 2455 1710 2497 a
1757 2429 1936 2500 Sede
1980 2431 2364 2520 Apostolica
2379 2486 2400 2518 ‚
2447 2436 2616 2521 ejus-

214 2550 344 2615 que
386 2527 657 2616 Legatis
705 2528 955 2600 Causae
1001 2531 1427 2619 imposterum
1473 2531 1617 2598 aliis
1661 2532 2161 2620 delegarentur,
2216 2555 2413 2620 quam
2457 2532 2614 2599 Perb

210 2628 385 2694 sonis
428 2627 499 2693 in
538 2627 997 2697 Ecclesiastica
1042 2630 1385 2717 Dignitate
1430 2631 1832 2716 constitutis,
1897 2642 1962 2697 et
2003 2633 2234 2718 quibus
2277 2634 2414 2700 sive
2456 2634 2616 2700 Per·

210 2738 477 2794 sona-tus
503 2780 523 2813 ,
574 2726 715 2794 sive
760 2726 1191 2796 canonicatus
1258 2731 1329 2794 in
1386 2729 1604 2815 aliqua
1661 2729 2042 2796 Cathedrali
2085 2731 2381 2800 Ecclesia
2446 2733 2610 2798 obti-

206 2827 453 2916 gisset:
488 2825 757 2896 Judicia
798 2838 1143 2916 praeterea
1179 2852 1311 2896 non
1353 2830 1421 2896 in
1464 2831 1766 2916 obscure,
1811 2830 1932 2897 sed
1971 2832 2042 2898 in
2077 2831 2342 2920 insigni,
2387 2843 2452 2898 et
2495 2855 2612 2922 po·-

209 2927 443 3015 puloso
492 2926 781 3016 Oppido,
828 2951 907 2992 ac
948 2930 1018 2994 in
1056 2927 1346 2998 Urbibus
1388 2931 1624 2998 instrui
1669 2941 2000 3020 oportere,
2039 2932 2110 2996 in
2153 2935 2388 3017 quibus
2429 2933 2613 3001 Peri-

209 3036 425 3093 torum
468 3025 516 3094 J
517 3028 781 3094 udicum
828 3029 1017 3117 copia
1057 3029 1394 3096 commode
1422 3031 1651 3099 haberi
1696 3042 1938 3120 posset.
1983 3031 2186 3100 Sacro
2215 3033 2413 3100 etiam
2441 3031 2614 3100 Con-

208 3126 359 3192 cilio
400 3125 785 3193 Tridcntino
824 3128 993 3194 hanc
1037 3129 1247 3218 ipsam
1287 3131 1741 3218 imperitorum
1763 3131 2078 3200 Judicum
2107 3134 2441 3218 querelam
2467 3155 2614 3221 pro-

213 3226 493 3314 positam
538 3227 762 3312 fuisse,
802 3228 902 3294 fas
966 3238 1066 3294 est
1108 3229 1424 3295 credere:
1492 3231 1846 3315 Postquam
1891 3233 2136 3297 etenim
2177 3254 2334 3299 sess.
2376 3231 2479 3298 25.
2525 3231 2611 3296 de

208 3325 567 3394 Reformat.
622 3349 765 3414 cap.
811 3329 909 3392 10.
958 3329 1389 3416 praemissum
1434 3329 1578 3415 fuit,
1635 3353 1674 3393 a
1715 3327 1896 3396 Sede
1938 3330 2323 3416 Apostolica
2365 3327 2620 3398 Judici-

213 3425 333 3492 bus
374 3449 509 3492 non
552 3425 987 3513 undequaque
1024 3427 1280 3495 idoneis
1322 3427 1568 3495 Causas
1607 3429 1678 3494 in
1717 3431 2014 3520 partibus
2055 3430 2379 3518 delegari,
2439 3440 2505 3496 et
2546 3429 2618 3494 id

212 3525 361 3592 fieri
403 3537 547 3592 tum
602 3529 685 3592 ob
726 3528 1115 3599 malitiosam
1171 3531 1532 3618 petentium
1575 3532 2069 3618 suggestionem
2089 3580 2110 3614 ,
2173 3541 2314 3596 tum
2357 3547 2615 3616 quoque

216 3627 299 3692 ob
334 3626 631 3692 locorum
671 3627 1249 3716 longinquitatem,
1316 3655 1353 3696 a
1396 3631 1628 3716 quibus
1670 3632 1900 3698 notitia
1942 3631 2381 3698 Personarum
2399 3682 2418 3717 ,
2481 3630 2617 3715 qui—

216 3727 333 3794 bus
375 3725 634 3794 Causae
676 3729 1085 3816 mandentur,
1128 3731 1355 3796 haberi
1400 3751 1535 3796 non
1575 3741 1826 3820 potest:
1887 3730 2140 3796 Statuit
2181 3731 2402 3796 eadem
2445 3727 2610 3796 Sam

218 3839 321 3890 cta
362 3825 669 3914 Synodus
690 3877 709 3910 ,
756 3832 829 3894 in
869 3833 1147 3919 sinyulis
1203 3827 1522 3896 Consiliis
1565 3829 2126 3912 Provimialibus,
2176 3841 2292 3896 aut
2341 3828 2613 3896 Diceae-

220 3931 394 3992 καῖε
442 3929 697 4018 aliquot
730 3953 1068 4016 personas,
1116 3954 1280 4020 qaae
1322 3931 1670 4020 qualitates
1717 3929 1995 3996 habeant
2021 3927 2236 4013 juxta
2291 3927 2617 3996 constitut

226 4030 457 4094 tionem
500 4027 853 4116 Bonifacii
892 4029 1110 4110 VIIL,
1160 4045 1221 4095 et
1263 4032 1558 4119 alioquin
1599 4031 1690 4095 ad
1729 4031 1804 4094 id
1845 4044 2035 4116 aptas
2081 4030 2435 4119 desiqnari,
2483 4033 2618 4120 qui—

224 4127 333 4192 bus
372 4131 792 4216 imposterum
839 4129 1093 4196 Comae
1142 4133 1691 4195 committerentur
1705 4153 1730 4210 ‚-
1802 4129 1894 4195 Et
1935 4133 2000 4194 si
2035 4131 2322 4219 aliquem
2361 4134 2624 4196 interim

222 4251 317 4292 ex.
350 4227 711 4318 desiqnatis
759 4234 933 4296 mori
968 4233 1390 4318 sentiriqeret,
1430 4230 1842 4296 substitueret
1875 4228 2268 4296 ordinarius
2290 4231 2462 4298 Loci
2481 4241 2624 4296 cum

220 4329 496 4394 manilio
550 4328 855 4417 Capituli
892 4333 1097 4396 alium
1138 4334 1214 4396 in
1258 4330 1400 4414 cgjus
1447 4331 1658 4394 locum
1671 4377 1691 4411 ,
1747 4351 1950 4420 usque
1987 4331 2080 4396 ad
2115 4329 2414 4416 futuram
2455 4331 2624 4396 Pro-

222 4431 565 4496 vincialem
580 4477 603 4512 ,
660 4446 776 4498 aut
821 4427 1291 4497 Dice-cesanam
1337 4429 1672 4518 Synodwm
1702 4451 1724 4493 .·
1796 4427 1906 4496 Ita
1949 4443 2022 4498 ut
2062 4431 2324 4498 haberet
2363 4431 2623 4521 quaevis
