2959 4984
400 295 511 356 5oe
650 299 815 352 1011.
888 299 1131 352 natvm
1168 299 1429 362 Quom>
1466 297 1935 351 Mammosas
1971 297 2202 350 mxu
2239 299 2303 351 A.
2345 295 2504 354 1830.

410 461 797 532 Foederatis
822 458 1185 528 Ordinibus
1226 459 1574 526 transmitti
1615 459 1828 526 solent
1871 459 1952 526 ad
1991 459 2472 549 custodiendas,
2511 464 2787 530 munien-

414 561 659 646 dasque
702 561 913 626 Aroes
958 561 1393 626 conterminas
1417 611 1438 646 ,
1502 562 1708 649 vulgo
1755 559 1956 626 dictas
2017 561 2086 626 di
2131 562 2464 648 Barriera3
2535 565 2630 630 Ita
2662 563 2796 648 qui-

422 663 575 729 dem
590 712 613 748 ,
676 670 751 726 ut
790 659 1203 727 Matrimonia
1240 661 1333 726 ibi
1375 671 1642 748 praeter
1681 661 2047 726 Tridentini
2087 662 2397 747 formam,
2457 665 2591 730 sive
2633 665 2800 729 inter

416 762 799 830 Haereticos
842 761 1146 847 utrinque
1165 811 1188 844 ,
1242 760 1381 826 sive
1444 762 1618 826 inter
1659 759 2054 846 Catholicos,
2096 772 2164 828 et
2203 762 2590 830 Haereticos
2629 764 2802 848 inita,

408 864 701 930 valorem
738 885 929 929 suum
973 863 1343 946 obtineant,
1382 862 1738 927 dnmmodo
1777 870 2053 947 uterque
2099 862 2364 950 Conjux
2421 863 2506 928 ad
2552 863 2810 929 easdem

412 963 651 1052 Copias
676 1015 697 1047 ,
752 963 891 1028 sive
944 962 1273 1049 Legiones
1338 963 1700 1051 pertineat3
1761 961 1852 1028 Et
1907 963 2073 1028 hanc
2133 963 2634 1030 declarationem
2670 965 2810 1028 vult

410 1062 733 1132 Sanctitas
770 1062 909 1131 Sua
944 1062 1293 1152 complecti
1350 1063 1546 1128 etiam
1591 1061 1941 1130 Civitatem
1975 1061 2200 1128 Mosae
2240 1063 2670 1151 Trajectensis
2687 1114 2708 1146 ,
2769 1087 2810 1128 a

414 1163 775 1252 Republica
820 1163 1336 1230 Foederatorum
1382 1161 1710 1230 Ordinum
1732 1212 1752 1245 ,
1823 1163 2115 1248 quamvis
2157 1185 2295 1228 non
2329 1163 2483 1248 jure
2529 1163 2810 1249 dominii,

414 1266 535 1332 sed
579 1275 833 1331 tantum
874 1262 1454 1352 oppignerationis,
1494 1272 1570 1328 ut
1607 1264 1808 1348 ajunt,
1851 1263 2114 1328 nomine
2155 1285 2544 1352 possessam.

578 1369 639 1447 g.
678 1365 741 1431 ὅ.
827 1363 1119 1432 Tandem
1182 1361 1354 1428 circa
1398 1361 1764 1448 conjugia,
1821 1383 1985 1446 quae
2031 1361 2538 1448 contrahuntur,
2599 1363 2707 1426 vel
2747 1362 2816 1426 in

411 1465 823 1553 Regionibus
878 1463 1258 1552 Principum
1320 1462 1804 1530 catholicorum
1863 1464 1946 1528 ab
1977 1461 2058 1526 iis
2079 1511 2099 1545 ,
2163 1463 2274 1546 qui
2331 1463 2403 1528 in
2455 1461 2818 1527 Provinciis

410 1566 799 1636 Foederatis
852 1563 1253 1630 domicilium
1299 1564 1544 1630 habent
1571 1613 1590 1648 ,
1647 1563 1758 1627 vel
1801 1563 1871 1629 in
1909 1561 2292 1628 Foederatis
2335 1562 2698 1628 Provinciis
2739 1564 2818 1626 ab

414 1667 799 1736 habentibus
854 1663 1255 1731 domicilium
1316 1663 1386 1728 in
1430 1663 1836 1749 Regionibus
1881 1660 2368 1729 Catholicorum
2423 1663 2823 1752 Principum,

416 1769 584 1834 nihil
610 1767 945 1835 Sanctitas
988 1763 1127 1832 Sua
1166 1765 1253 1830 de
1294 1785 1465 1830 novo
1499 1763 2006 1849 decernendum,
2051 1773 2160 1828 aut
2193 1763 2656 1830 declarandum
2681 1785 2826 1830 esse

418 1868 643 1952 duxit3
686 1867 935 1949 volens,
974 1875 1049 1930 ut
1090 1865 1174 1930 de
1222 1865 1334 1949 iis,
1372 1866 1564 1950 juxta
1609 1863 1916 1936 canonica
1955 1864 2140 1932 Juris
2179 1865 2544 1930 communis
2585 1865 2825 1954 princi-

421 1969 531 2058 pia
549 2017 569 2052 ,
613 1969 1047 2058 probatasque
1086 1967 1157 2032 in
1198 1965 1518 2030 similibus
1563 1965 1814 2030 casibus
1859 1965 2017 2030 alias
2059 1965 2265 2030 editas
2309 1987 2348 2028 a
2389 1961 2600 2030 Sacra
2643 1964 2814 2031 Gon·

422 2069 811 2158 gregatione
857 2065 1135 2133 Concilii
1180 2065 1636 2148 resolutiones,
1677 2065 1791 2130 ubi
1833 2064 2186 2153 disputatio
2225 2064 2571 2150 contingat
2589 2113 2612 2148 ,
2653 2064 2830 2130 deci-

420 2169 631 2236 datur.
696 2168 783 2234 Et
820 2167 915 2232 ita
954 2165 1338 2249 declaravit,
1384 2165 1736 2250 statuitque
1751 2213 1772 2248 ,
1815 2187 1891 2229 ac
1929 2165 2013 2230 ab
2055 2165 2358 2230 omnibus
2397 2163 2827 2252 imposterum

420 2268 665 2336 servari
708 2265 1061 2355 praecepit.
1146 2264 1282 2333 Die
1316 2269 1380 2331 4.
1424 2265 1822 2332 Novembris
1868 2265 2054 2329 1741.
2946 2257 2947 2260 ’

432 2452 651 2522 XCII.
736 2451 872 2518 Pii
909 2450 1099 2516 Vm.
1140 2450 1397 2516 breve
1449 2448 1592 2514 >die
1654 2448 1759 2516 25.
1801 2446 2110 2514 Martii
2178 2447 2344 2514 1830
2398 2447 2494 2514 ad
2531 2447 2834 2516 Archi-

422 2553 915 2642 episcopum
965 2550 1631 2631 Coloniensem,
1694 2558 1776 2614 et
1823 2547 2314 2637 Episcopus
2379 2548 2832 2616 Treviren-

424 2676 627 2739 sem,
686 2651 1471 2720 Monasteriensom
1535 2658 1616 2716 et
1655 2649 2472 2716 Paderbornensem
2539 2649 2830 2735 quoad

978 2750 1532 2818 matrimonia
1569 2750 1834 2816 mixta
1885 2749 2300 2816 emissum.

595 2869 1027 2936 Venerabiles
1064 2869 1332 2935 Fratres
1353 2920 1374 2953 ,
1444 2867 1718 2934 salutem
1779 2878 1846 2932 et
1888 2868 2346 2956 Apostolicam
2409 2865 2830 2932 Benedictio—

423 2991 595 3038 nem.
638 2969 881 3034 Literis
922 2971 1129 3034 altero
1174 2970 1415 3035 abhinc
1459 2991 1628 3034 anno
1675 2970 1757 3034 ad
1803 2968 2095 3035 Leonem
2135 2965 2291 3034 ΧΠ.
2331 2968 2660 3056 gloriosae
2697 2989 2832 3032 me·

424 3071 677 3138 moriae
720 3069 1307 3136 Praedecessorem
1352 3079 1650 3136 nostrum
1705 3069 1872 3134 datis
1917 3069 2276 3156 diligenter
2303 3117 2324 3152 ,
2395 3065 2833 3134 Venerabiles

426 3171 711 3256 Fratres,
755 3169 1147 3260 exposuistis
1192 3170 1488 3254 arduum,
1529 3171 1601 3234 in
1645 3191 1772 3256 quo
1816 3169 2192 3252 versamini,
2235 3168 2626 3253 discrimen,
2681 3189 2838 3256 pro·

426 3281 674 3360 pterea,
726 3272 905 3357 quod
946 3269 1123 3337 civili
1166 3272 1321 3357 lege
1365 3271 1560 3337 isthic
1605 3279 1756 3336 ante
1797 3291 2044 3359 paucos
2087 3291 2290 3334 annos
2340 3269 2470 3333 lata
2513 3269 2839 3357 praescri-

429 3380 615 3460 ptum
656 3380 773 3454 est,
814 3381 889 3436 ut
926 3371 997 3436 in
1036 3371 1463 3436 matrimoniis
1507 3369 1732 3436 mixtis
1768 3370 1960 3436 liberi
2001 3371 2342 3455 utriusque
2379 3390 2578 3436 sexus
2621 3369 2690 3433 in
2733 3391 2837 3434 re-

430 3471 679 3558 ligione
720 3473 921 3560 patris
943 3521 962 3555 ,
996 3480 1105 3536 aut
1138 3479 1317 3537 certe
1364 3470 1447 3536 ad
1497 3471 1636 3536 eius
1679 3471 2017 3536 arbitrium
2061 3471 2422 3536 educentur
2444 3521 2465 3554 ,
2507 3468 2840 3554 simulque

426 3572 899 3640 Sacerdotibus
936 3571 1357 3638 interdictum
1384 3623 1403 3655 ,
1446 3593 1534 3636 ne
1573 3595 1612 3635 a
1655 3572 1952 3659 personis
1997 3571 2407 3638 matrimonia
2447 3569 2830 3636 huiusmodi
2942 3607 2943 3682 1

432 3673 861 3740 contracturis
906 3672 1111 3737 ullam
1150 3672 1419 3759 exigant
1462 3692 1668 3760 super
1699 3668 2010 3758 religiosa
2067 3671 2434 3736 nasciturae
2480 3670 2683 3758 prolis
2735 3669 2837 3736 in—

435 3775 765 3840 stitutione
810 3772 1249 3860 sponsionem.
1326 3771 1415 3837 Et
1456 3770 1586 3860 ipsi
1625 3771 1890 3857 quidem
1929 3772 2039 3836 vel
2082 3791 2170 3836 ex
2217 3791 2297 3835 eo
2335 3778 2634 3856 tempore
2675 3791 2838 3856 par-

430 3873 661 3963 ticipes
702 3873 945 3938 fuimus
986 3871 1223 3936 summi
1266 3873 1584 3937 moeroris
1605 3922 1626 3956 ,
1669 3893 1798 3957 quo
1841 3872 2018 3937 idem
2059 3871 2342 3959 optimus
2382 3869 2696 3935 Pontifex
2743 3872 2842 3934 af-

432 3975 641 4040 fectus
684 3982 785 4038 est
828 3973 913 4038 ob
956 3971 1289 4057 angustias
1328 3972 1446 4036 has
1491 3982 1762 4056 vestras,
1809 3994 1968 4058 quas
2011 3993 2124 4036 eae
2167 3967 2398 4035 literae
2430 3969 2686 4058 plenius
2723 3991 2848 4036 ex—

434 4075 782 4162 plicabant.
864 4071 1002 4140 Sed
1059 4072 1347 4158 graviori
1408 4073 1622 4136 adhuc
1665 4072 1960 4137 molestia
1999 4093 2176 4137 nunc
2221 4063 2526 4157 ang-imur
2551 4121 2570 4154 ,
2631 4091 2848 4154 quum
2940 4065 2941 4126 Ν

434 4171 783 4238 humilitati
844 4171 1125 4237 Nostrae
1180 4171 1596 4237 inscrutabili
1641 4171 1772 4237 Dei
1833 4171 2073 4236 iudicio
2139 4181 2544 4236 reservatum
2597 4178 2695 4235 est
2761 4195 2846 4238 ea

437 4272 649 4340 Vobis
688 4293 1003 4361 responsa
1044 4271 1352 4357 reddere,
1394 4293 1562 4358 quae
1593 4269 2071 4338 Praedecessor
2109 4279 2355 4356 noster,
2395 4279 2608 4336 morte
2649 4291 2850 4358 prae-

436 4381 692 4454 ventus,
737 4395 869 4436 non
912 4373 1143 4458 potuit.
1223 4371 1570 4459 Siquidem
1613 4370 1894 4438 Sanctae
1948 4372 2099 4437 huic
2143 4369 2308 4438 Sedi
2363 4390 2632 4460 prorsus
2703 4395 2850 4440 non

439 4469 599 4534 licet
634 4469 751 4532 illa
792 4471 1007 4533 omnia
1045 4472 1427 4556 permittere
1443 4524 1462 4556 ,
1511 4494 1676 4558 quae
1715 4473 1785 4537 in
1828 4471 1967 4538 istis
2007 4471 2388 4559 regionibus
2427 4470 2514 4538 ad
2561 4471 2706 4538 eius
2746 4471 2846 4539 le-
