2959 4984
396 255 507 310 580
774 257 885 308 XC.
960 253 1209 309 CONST.
1248 257 1347 306 DE
1382 253 1682 310 molens
1721 251 2422 308 Mammou.a.1741·

386 441 708 486 canonum
743 416 1185 533 praescripta,
1250 416 1337 482 ad
1374 415 1742 503 legitimam
1771 413 2010 500 judicii
2055 414 2501 520 validitatem,
2581 417 2804 502 citari,

393 529 505 586 ant
542 518 831 585 intimari
872 516 1135 584 omnino
1178 517 1618 582 necessarium
1661 525 1822 582 erat.

560 620 623 700 §-
670 618 731 684 8.
816 616 987 684 Oum
1024 617 1231 703 igitur
1270 639 1496 684 coram
1541 614 1914 696 ordinarie,
1949 614 2034 679 ad
2077 635 2272 700 quem
2315 637 2538 682 causas
2573 618 2810 705 huj-us-

396 717 577 788 modi
622 739 1021 804 cognoscere
1063 717 1389 805 pertinet,
1446 715 1896 782 controversia
1963 714 2178 800 aliqua
2221 727 2624 802 proponetur
2655 768 2680 801 ,
2741 719 2814 784 in

389 841 516 908 qua
566 818 653 884 de
692 817 1089 884 Matrimonii
1130 816 1471 884 validitate
1519 815 1960 900 dubitabitur,
2002 825 2068 880 et
2111 815 2542 884 existentibus
2583 817 2656 882 in
2697 821 2810 904 ju-

390 918 594 1004 dicic,
672 919 783 984 vel
840 941 971 984 uno
1040 939 1127 983 ex
1168 914 1578 1003 Gonjugibus
1597 964 1618 998 ,
1683 915 1794 1001 qui
1847 937 1968 1002 pro
2025 915 2325 980 nullitate
2371 915 2806 1003 Matrimonii,

390 1019 499 1085 vel
539 1018 874 1102 ambobus,
914 1040 1195 1104 quorum
1232 1018 1398 1084 alter
1440 1041 1561 1106 pro
1605 1016 1984 1098 validitate,
2027 1015 2198 1083 alter
2235 1037 2394 1084 vero
2436 1041 2559 1105 pro
2598 1020 2806 1086 1111111-

392 1128 527 1186 tate
566 1119 895 1186 actionem
932 1118 1273 1198 intendat,
1344 1117 1676 1184 Defensor
1717 1116 2116 1185 Matrimonii
2157 1124 2380 1204 partes
2424 1139 2652 1184 omnes
2699 1122 2802 1184 of—

396 1218 531 1284 ficii
573 1220 670 1285 sui
702 1218 1057 1305 diligenter
1092 1217 1467 1306 adimpleat.
1511 1217 1740 1302 Itaque
1785 1217 1842 1282 si
1885 1241 1922 1282 a
1959 1216 2203 1284 Judice
2245 1239 2366 1305 pro
2399 1217 2809 1288 Matrimonii

388 1319 727 1386 validitate
759 1317 1184 1405 judicabitur,
1230 1328 1297 1382 et
1333 1317 1552 1384 nullus
1599 1318 1720 1402 sit,
1767 1318 1879 1402 qui
1915 1317 2246 1406 appellet,
2289 1317 2436 1403 ipse
2475 1316 2676 1385 etiam
2719 1320 2803 1386 ab

386 1418 825 1508 appellatione
868 1441 939 1486 se
976 1420 1339 1502 abstineat;
1386 1417 1588 1506 idque
1631 1419 1828 1485 etiam
1867 1426 2182 1500 servetur,
2229 1417 2285 1484 si
2331 1442 2368 1485 a
2405 1417 2656 1484 Judice
2705 1441 2808 1484 se-

392 1518 643 1585 cundae
714 1519 1059 1586 instantiae
1125 1542 1245 1608 pro
1283 1518 1622 1584 validitate
1689 1517 2087 1587 Matrimonii
2158 1518 2359 1583 fuerit
2408 1518 2808 1602 judicatum,

392 1629 737 1710 postquam
766 1620 817 1690 J
814 1620 996 1689 udex
1034 1619 1283 1708 primae
1324 1618 1672 1686 instantiae
1715 1617 1800 1682 de
1837 1618 2014 1684 illius
2061 1618 2358 1684 nullitate
2381 1615 2808 1686 Sententiam

390 1720 969 1808 pronunciaverat3
1026 1719 1129 1786 sin
1188 1728 1407 1785 autem
1466 1729 1694 1785 contra
1735 1717 2134 1786 Matrimonii
2173 1718 2580 1787 validitatem
2629 1719 2806 1788 Sen-

390 1819 595 1886 tentia
636 1821 887 1888 seratur
910 1869 931 1902 ,
986 1820 1315 1887 Defensor
1351 1819 1524 1886 inter
1567 1818 1866 1906 legitima
1919 1827 2214 1911 tempora
2271 1822 2636 1909 appellabit
2683 1825 2802 1889 ad-

400 1919 677 1984 haerens
720 1919 935 2003 Parti,
980 1941 1145 2006 quae
1186 1942 1307 2008 pro
1350 1918 1686 1984 validitate
1727 1918 2004 2006 agebat;
2062 1940 2214 2004 cum
2255 1930 2477 1989 autem
2517 1923 2588 1989 in
2621 1924 2804 2009 judi-

394 2018 567 2086 dicio
610 2040 805 2086 nemo
844 2041 1013 2086 unus
1054 2019 1139 2085 sit
1159 2068 1180 2103 ,
1250 2019 1364 2106 qui
1426 2041 1550 2108 pro
1622 2017 2024 2086 Matrimonii
2076 2019 2416 2086 validitate
2457 2025 2810 2108 negotium

390 2119 663 2202 insistat,
704 2119 821 2184 vel
860 2119 917 2186 si
960 2119 1131 2184 adsit
1150 2165 1173 2204 ,
1214 2120 1345 2186 lata
1380 2128 1606 2187 contra
1647 2140 1798 2186 eum
1841 2116 2206 2202 Sententia,
2240 2120 2564 2206 judicium
2615 2123 2810 2192 dese-

392 2220 619 2304 ruerit,
664 2220 808 2310 ipse
850 2240 939 2287 ex
978 2219 1195 2291 officio
1240 2218 1325 2287 ad
1366 2218 1774 2306 superiorem
1815 2219 2124 2288 Judicem
2157 2222 2559 2305 provocabit.

556 2323 615 2403 ξ.
656 2322 715 2386 9.
803 2319 1273 2406 Appellatione
1314 2343 1351 2386 a
1396 2319 1616 2408 prima
1657 2319 1998 2388 Sententia
2039 2318 2406 2408 pendente,
2449 2322 2562 2387 vel
2607 2325 2810 2390 etiam

382 2420 583 2504 nulla,
628 2422 713 2487 ob
754 2420 1085 2504 malitiam,
1127 2421 1239 2486 vel
1281 2420 1710 2503 oscitantiam,
1755 2420 1868 2485 vel
1909 2419 2334 2487 collusionem
2369 2421 2792 2507 Defensoris,

386 2529 455 2584 et
491 2517 822 2606 Pal-tium,
862 2519 1291 2610 interposita,
1342 2520 1396 2586 si
1437 2520 1662 2603 ambo,
1723 2519 1831 2585 vel
1876 2543 2043 2586 unus
2090 2541 2174 2586 ex
2223 2519 2631 2608 conjugibus
2677 2547 2794 2589 no-

384 2642 499 2686 vas
542 2621 801 2710 nuptias
845 2615 1179 2689 celebrare
1221 2643 1411 2686 ausus
1455 2620 1674 2704 fuerit,
1715 2619 2012 2686 volumus
2031 2669 2054 2702 ,
2115 2644 2192 2686 ac
2226 2620 2639 2690 decernimus
2655 2672 2676 2706 ,
2723 2633 2798 2688 ut

386 2743 517 2785 non
560 2719 770 2786 solum
818 2729 1178 2804 serventur,
1226 2742 1391 2805 quae
1434 2720 1748 2786 adversus
1793 2743 1926 2804 eos,
1973 2720 2082 2806 qui
2115 2719 2602 2789 Matrimonium
2643 2745 2795 2788 con-

391 2831 493 2888 tra
536 2822 957 2888 interdictum
998 2823 1339 2891 Ecclesiae
1405 2822 1814 2906 contrahunt,
1857 2831 2094 2890 statuta
2139 2831 2331 2903 sunt,
2383 2822 2796 2910 praesertim,

389 2931 463 2986 ut
503 2920 789 2986 invicem
833 2945 871 2990 a
914 2921 1393 2988 cohabitatione
1438 2932 1854 3011 separentur,
1917 2921 2338 3006 quoadusque
2381 2922 2586 2989 altera
2627 2923 2792 2994 Sen-

388 3019 593 3086 tentia
634 3041 833 3108 super
875 3021 1175 3085 nullitate
1221 3022 1655 3106 emanaverit,
1714 3046 1752 3086 a
1804 3044 1930 3107 qua
1973 3020 2144 3086 intra
2193 3021 2428 3088 decem
2470 3021 2612 3088 dies
2653 3046 2788 3089 non

390 3121 471 3186 sit
518 3121 937 3208 appellatum,
981 3121 1089 3187 vel
1130 3121 1482 3210 appellatio
1527 3123 1914 3209 interposita
1961 3121 2222 3188 deserta
2268 3121 2506 3189 deinde
2551 3123 2788 3206 fuerit3

388 3219 529 3287 Sed
569 3221 845 3288 ulterius
886 3232 959 3288 ut
1000 3223 1423 3307 contrahens,
1485 3223 1595 3300 vel
1639 3223 2102 3289 contrahentes
2145 3219 2634 3289 Matrimonium
2673 3225 2789 3290 hu-

375 3321 687 3406 jusmodi,
728 3321 1025 3388 omnibus
1068 3323 1297 3408 poenis
1339 3331 1567 3388 contr-a
1606 3321 1986 3408 Poligamcs
2041 3345 2078 3386 a
2121 3318 2340 3387 Sacris
2383 3321 2787 3409 Oanonibus,

387 3431 453 3486 et
506 3421 1089 3489 Constitutionibus
1140 3422 1542 3510 Apostolicis
1605 3419 1972 3488 constitutis
1995 3469 2014 3504 ,
2073 3421 2350 3486 0111111110
2397 3422 2790 3507 subjaceant,

390 3541 548 3607 quas
593 3522 665 3590 in
704 3543 815 3590 eos
830 3573 850 3607 ,
916 3532 1231 3608 quatenus
1274 3545 1437 3610 opus
1482 3522 1584 3607 sit,
1625 3532 1826 3608 motu,
1867 3521 2180 3604 scientia,
2221 3542 2298 3586 ac
2339 3531 2663 3608 potestate
2703 3524 2788 3588 si-

387 3622 525 3688 mili
569 3644 795 3690 rursus
836 3623 1193 3705 statuimus,
1238 3623 1673 3707 decernimus,
1715 3647 1792 3688 ac
1833 3643 2238 3688 renovamus.

548 3724 608 3805 ξ.
655 3725 753 3789 10.
806 3723 1238 3808 Posteaquam
1274 3746 1456 3807 vere,
1497 3722 1956 3812 appellationis
1997 3721 2342 3804 beneficio,
2383 3721 2468 3786 ad
2511 3723 2790 3790 alterum

385 3821 695 3892 Judicem
738 3847 927 3890 causa
965 3823 1035 3888 in
1075 3823 1361 3890 secunda
1395 3823 1700 3890 instantia
1741 3823 1958 3888 delata
1999 3823 2218 3906 fuerit,
2261 3822 2496 3907 omnia,
2543 3833 2610 3888 et
2656 3825 2789 3889 sin-

384 3925 541 4009 gula
587 3945 1027 4010 quaecumque
1064 3945 1285 3990 coram
1295 3923 1344 3990 J
1344 3923 1536 3990 udice
1577 3924 1648 3988 in
1671 3925 1887 4012 prima
1913 3924 2217 3990 instantia
2243 3923 2565 3988 servanda
2605 3945 2788 4012 prae—

384 4023 571 4089 finita
606 4024 914 4109 fuerunt,
976 4025 1171 4090 etiam
1210 4047 1431 4090 coram
1472 4025 1680 4090 altero
1727 4025 1797 4092 in
1841 4024 2128 4090 secunda
2171 4031 2441 4108 exacte,
2513 4047 2588 4090 ac
2637 4024 2783 4090 dili-

382 4131 621 4207 genter
664 4075 1111 4190 custodientur
1132 4175 1153 4210 ,
1226 4125 1421 4192 citato
1485 4124 1554 4190 111
1593 4125 1891 4210 quolibet
1931 4125 1982 4192 J
1982 4121 2180 4191 udlcu
2221 4133 2368 4188 actu
2411 4124 2786 4189 Defensor-e

382 4220 793 4304 matrimonii,
836 4224 946 4307 qui
986 4245 1173 4308 voce,
1216 4233 1283 4290 et
1325 4223 1568 4310 scripto
1611 4223 2007 4290 matrimonii
2049 4221 2454 4288 validitatem
2492 4233 2782 4310 strenue,

382 4339 457 4384 ac
496 4341 616 4405 pro
661 4321 907 4386 viribus
947 4323 1251 4389 tuebitur.
1334 4321 1423 4388 Et
1470 4323 1524 4388 si
1564 4323 1612 4391 J
1613 4320 1792 4390 udex
1847 4323 1918 4390 in
1955 4322 2262 4390 secunda
2305 4323 2612 4387 instantia
2655 4323 2784 4388 fuit

387 4415 959 4503 Metropolitanus,
1022 4429 1135 4484 aut
1178 4418 1381 4486 Sedis
1419 4421 1844 4510 Apostolicae
1883 4423 2182 4493 Nuncius
2201 4473 2222 4508 ,
2266 4435 2376 4492 aut
2421 4420 2786 4511 Episcopus
