2959 4984
401 310 497 365 VI.
569 302 870 359 REGULA
905 302 1425 361 CHRODOGANGI
1459 306 1789 363 EPISOOPI
1820 308 2203 365 METENSls.
2422 316 2493 369 23

259 487 414 574 Gap,
455 478 582 551 111.
677 476 760 542 Ut
801 480 872 541 in
913 478 1038 543 iah
1079 480 1372 545 claustra
1417 502 1629 543 onmes
1674 483 1747 544 in
1786 502 1917 545 uno
1960 481 2303 547 dor-miani.

255 618 351 682 Ita
394 615 772 681 instruimus
813 622 886 678 ut
929 613 997 677 in
1041 612 1152 677 illa
1197 614 1470 678 claustra
1516 614 1628 678 ille
1674 615 1885 678 clerus
1931 616 2272 685 canonicus
2293 670 2313 703 ,
2378 623 2487 707 qui

113 720 214 783 sub
257 718 398 807 ipso
445 715 716 797 ordine,
785 714 933 779 Deo
982 713 1363 798 adiuvante,
1428 716 1650 780 vivere
1710 715 1987 799 debent,
2047 727 2118 783 ut
2155 743 2376 786 omnes
2424 722 2489 788 in

111 842 225 883 uno
251 817 574 883 dormiant
602 816 670 880 in
706 814 1117 879 dormitorio:
1155 824 1414 903 praeter
1448 815 1597 881 illos
1635 815 1863 903 quibus
1904 818 2247 910 episcopus
2288 822 2485 888 licen-

110 920 243 982 tiam
287 917 577 999 dederit,
637 914 993 981 secundum
1038 914 1208 1000 quod
1256 916 1312 978 ei
1361 916 1827 985 rationabiliter
1871 919 2081 983 visum
2126 920 2351 1007 fuerit,
2414 934 2487 989 ut

111 1020 165 1083 in
201 1019 334 1106 ipsa
399 1019 676 1083 claustra
739 1038 859 1105 per
923 1015 1264 1105 dispositas
1317 1016 1683 1081 mansiones
1746 1017 2065 1084 dormiant
2106 1024 2488 1111 separatim:

109 1128 166 1182 et
202 1142 316 1207 per
362 1117 621 1203 singula
663 1117 829 1180 lecta
875 1114 1119 1201 singuli
1166 1113 1504 1200 dormiant,
1552 1125 1616 1180 ct
1657 1116 1724 1181 in
1770 1116 2147 1185 dormitorio
2192 1121 2489 1188 similiter

107 1220 430 1307 separatim
499 1217 830 1283 dormiant
885 1216 1070 1280 mixti
1125 1238 1272 1280 cum
1331 1217 1692 1284 senioribus
1715 1268 1733 1299 ,
1796 1228 2065 1307 propter
2106 1220 2487 1311 praeviden-

107 1318 240 1381 tiam
287 1318 554 1399 bonam,
627 1326 699 1381 ut
741 1316 1032 1381 seniores
1089 1316 1511 1405 praevideant
1569 1318 1743 1403 quod
1802 1318 2087 1385 iuniores
2134 1322 2489 1388 secundum

109 1418 308 1482 Deum
350 1414 570 1505 agana
610 1417 696 1482 Et
735 1417 804 1481 in
844 1417 985 1506 ipsa
1029 1416 1306 1481 claustra
1347 1417 1527 1481 nulla
1568 1418 1806 1484 femina
1852 1420 2157 1505 introeat,
2206 1445 2326 1486 nec
2364 1423 2483 1488 la'l'-

112 1540 207 1581 cus
248 1516 457 1601 hom0,
503 1527 761 1606 praeter
802 1526 1052 1583 tantum
1095 1516 1146 1581 si
1197 1516 1535 1607 episcopus
1555 1568 1574 1602 ,
1644 1527 1751 1583 aut
1796 1520 2312 1606 archidiaconus,
2372 1526 2481 1591 vel

111 1618 491 1706 primicerius
533 1618 856 1683 iusserint.
933 1614 1028 1683 Ut
1066 1618 1135 1681 in
1173 1618 1519 1683 refectorio
1564 1642 1684 1707 pro
1732 1620 2099 1687 refectionis
2146 1647 2333 1689 causa
2374 1648 2481 1689 ve-

111 1716 288 1799 niant,
326 1718 692 1803 relinquant
732 1741 908 1782 arma
940 1741 1053 1783 sua
1089 1727 1238 1782 ante
1279 1718 1713 1803 refectorium,
1762 1728 1826 1783 et
1865 1719 2074 1785 statim
2120 1746 2265 1787 cum
2308 1724 2482 1790 exie-

109 1818 224 1882 rint
256 1818 332 1883 de
368 1817 712 1884 refectorio
736 1818 1050 1882 ducantur
1081 1818 1254 1883 foras
1282 1818 1592 1884 claustra:
1638 1829 1703 1883 et
1744 1820 1795 1885 si
1840 1843 2106 1886 necesse
2149 1823 2360 1907 fuerit,
2402 1826 2484 1890 ad

112 1941 294 2007 opera
332 1919 626 1984 facienda
669 1916 912 1985 intrent
961 1917 1050 1984 ibi
1108 1916 1258 1983 la'1'ci
1297 1918 1641 1985 homines:
1709 1929 1773 1984 at
1814 1921 1923 1986 ubi
1965 1922 2323 2009 perfectum
2372 1925 2481 1989 ha-

110 2020 340 2083 buerint
385 2043 545 2107 opus
591 2042 778 2084 suum
797 2068 818 2101 ,
876 2042 1021 2084 cum
1061 2042 1309 2083 summa
1354 2020 1763 2085 festinatione
1810 2021 2229 2109 egrediantur
2263 2024 2479 2090 foras:

110 2129 164 2182 et
203 2129 450 2208 praeter
495 2142 750 2184 causam
809 2118 1202 2184 necessitatis
1222 2167 1242 2200 ,
1289 2118 1341 2183 si
1387 2119 1574 2205 coqui
1637 2120 1852 2185 clerici
1904 2121 2141 2187 desunt
2198 2132 2262 2187 et
2313 2148 2475 2213 opus

110 2220 298 2301 fuerit,
337 2220 490 2284 la'l'ci
540 2220 726 2304 coqui
771 2220 852 2283 ad
896 2212 1370 2311 coquinandum
1415 2228 1661 2283 tantum
1700 2220 2169 2308 ingrediantur,
2216 2225 2479 2315 expleto

110 2320 434 2385 ministerio
483 2344 601 2386 suo
650 2343 796 2385 cum
838 2319 1166 2383 celeritate
1215 2324 1451 2383 exeant
1495 2319 1685 2383 foraS.

254 2420 336 2485 Et
375 2443 497 2510 per
538 2421 680 2485 illas
721 2418 1088 2484 mansiones
1131 2418 1256 2507 ipsi
1295 2418 1509 2482 clerici
1550 2420 1835 2484 canonici
1879 2421 2129 2485 nullum
2172 2421 2477 2489 clericum

109 2541 307 2583 eorum
345 2520 623 2587 habeant
663 2519 801 2584 sine
843 2528 1190 2613 praecepto
1237 2518 1522 2607 episcopi
1572 2518 1707 2583 sui:
1772 2529 1835 2583 et
1900 2520 1951 2586 si
1995 2522 2367 2608 permiserit
2409 2534 2482 2589 ut

109 2618 403 2703 habeant,
475 2620 566 2685 sic
609 2620 692 2685 sit
748 2612 1146 2685 conuersatio
1206 2618 1470 2683 illorum
1534 2644 1678 2684 cum
1720 2618 2080 2685 humilitate
2126 2630 2191 2685 et
2228 2622 2358 2689 Dei
2408 2624 2481 2687 ti-

107 2742 282 2803 more,
327 2720 601 2806 qualiter
639 2742 763 2785 nec
806 2719 976 2802 De0,
1021 2742 1142 2783 nec
1188 2719 1493 2806 episcopo
1541 2719 1959 2808 displiceant,
2006 2743 2128 2786 nec
2169 2722 2319 2805 illis,
2363 2724 2469 2808 qui

110 2822 206 2883 sub
245 2844 356 2886 sua
399 2845 594 2885 manu
633 2821 838 2908 ipsam
885 2820 1465 2905 congregationem
1508 2830 1769 2905 regunt.
1852 2820 1937 2885 Et
1982 2822 2035 2886 si
2082 2821 2267 2887 aliter
2308 2824 2479 2889 fece-

107 2918 230 3001 rint,
267 2921 375 2985 ille
421 2922 531 3007 qui
578 2928 840 3009 praeest
877 2928 988 2985 aut
1031 2919 1551 2984 excommunicet
1596 2942 1727 3002 eOS,
1774 2931 1881 2984 aut
1926 2922 2333 3009 corporalem
2374 2922 2477 2987 di-

112 3020 412 3108 sciplinam
456 3020 792 3109 accipiant.
872 3020 960 3085 Et
1006 3021 1075 3085 in
1137 3022 1308 3109 ipsas
1371 3020 1735 3085 mansiones
1790 3020 1958 3085 intra
1996 3022 2134 3109 ipsa
2179 3022 2477 3107 claustra,

115 3143 213 3184 nec
250 3122 535 3205 clericus,
579 3143 704 3185 nec
751 3122 952 3186 la‘icus
995 3120 1242 3202 bibere,
1289 3142 1410 3185 nec
1439 3122 1827 3185 manducare
1871 3144 1993 3186 nec
2033 3121 2315 3187 dormire
2349 3146 2480 3189 non

115 3232 533 3307 praesumant3
601 3220 722 3286 nisi
781 3221 907 3309 ipsi
965 3222 1182 3285 clerici
1244 3222 1352 3305 qui
1420 3222 1489 3285 in
1532 3222 1672 3309 ipsa
1732 3222 2239 3309 congregatione
2308 3234 2474 3308 sunt,

113 3331 200 3384 aut
231 3322 322 3386 illi
364 3322 586 3387 clerici
607 3371 628 3405 ,
700 3322 808 3407 qui
852 3322 1095 3387 ibidem
1141 3322 1208 3386 in
1253 3321 1396 3410 ipso
1443 3322 1720 3387 claustro
1769 3344 1889 3411 per
1930 3322 2283 3387 iussionem
2336 3325 2469 3413 epi-

115 3422 262 3509 scopi
301 3423 394 3488 sui
435 3422 800 3487 senioribus
843 3422 974 3487 suis
1023 3421 1413 3485 deserviunt.
1455 3421 1543 3487 Et
1590 3422 1698 3507 qui
1744 3422 1826 3486 de
1866 3422 2007 3511 ipso
2052 3424 2226 3489 clero
2272 3448 2473 3489 unum

113 3519 380 3586 clericum
422 3522 492 3588 in
529 3522 674 3611 ipsa
715 3522 1006 3604 claustra,
1051 3531 1124 3585 ut
1161 3522 1469 3606 diximus,
1514 3516 1843 3605 habuerit,
1895 3524 2019 3588 hoc
2062 3523 2460 3611 praevideat,

115 3628 170 3682 ut
207 3622 521 3708 planetam
568 3645 712 3686 cum
773 3621 1040 3707 reliquis
1082 3621 1484 3688 vestimentis
1529 3624 1799 3706 habeat,
1870 3632 1935 3687 et
1976 3623 2203 3689 diebus
2250 3623 2474 3689 Domi-

113 3719 264 3803 nicis,
298 3722 404 3787 vel
448 3722 717 3807 reliquis
762 3721 1208 3787 festivitatibus
1253 3721 1320 3785 in
1363 3723 1637 3788 ecclesia
1679 3724 1807 3789 Dei
1852 3723 2065 3787 vestiti
2120 3724 2188 3787 in
2226 3723 2465 3789 ordini-

113 3819 208 3885 bus
249 3822 376 3888 suis
423 3831 618 3888 stent.

441 3971 601 4061 Cap.
645 3972 765 4037 IV.
853 3970 956 4037 De
999 3972 1439 4059 completoriO,
1484 3974 1592 4038 vel
1631 3976 2098 4039 taciturnitate.

252 4086 340 4155 Ut
379 4090 463 4155 ad
509 4090 1004 4178 completorium
1048 4089 1253 4156 omnis
1296 4091 1507 4155 clerus
1533 4141 1552 4175 ,
1618 4090 1726 4176 qui
1786 4090 1853 4155 in
1910 4092 2051 4180 ipsa
2120 4113 2475 4179 congrega-

119 4181 260 4249 tione
301 4198 412 4272 est,
451 4190 710 4274 veniat,
761 4199 828 4255 et
871 4190 1128 4256 omnino
1175 4190 1348 4256 omni
1389 4200 1685 4282 tempore
1728 4192 2075 4281 incipiente
2114 4201 2304 4256 nocte
2347 4192 2477 4281 pri-

123 4303 264 4350 mum
317 4288 576 4375 signum
641 4290 726 4355 ad
775 4290 1265 4379 completorium
1321 4301 1546 4357 sonet:
1626 4301 1692 4356 et
1751 4315 1893 4357 cum
1963 4292 2256 4379 primitus
2315 4293 2479 4358 illud

124 4380 357 4472 Signum,
398 4390 509 4475 qui
549 4391 632 4457 ad
677 4392 805 4456 hoc
842 4390 1172 4457 ordinatus
1213 4392 1428 4477 fuerit,
1467 4393 1763 4459 auditum
1801 4393 2049 4474 fecerit,
2096 4392 2307 4457 statim
2332 4392 2470 4457 ubi-

126 4503 352 4571 cumque
387 4490 632 4556 fuerint
671 4491 756 4556 ad
787 4512 1014 4557 eorum
1047 4492 1322 4557 claustra
1354 4492 1647 4559 veniant:
1696 4500 1763 4555 et
1805 4514 1950 4555 cum
1988 4491 2223 4556 iterum
2261 4490 2475 4576 ipsum
