2959 4984
366 269 472 324 266
535 327 548 338 ι
613 271 782 322 XLII.
855 269 1102 320 BULLA
1143 270 1279 322 PRO
1315 270 1559 322 REGNO
1610 267 2179 323 HANNOVERIANO
2218 273 2283 321 A.
2322 269 2479 324 1824.

366 436 694 520 utilitates,
737 437 851 502 ubi
895 435 1176 502 maxime
1227 435 1309 500 de
1332 437 1537 524 ipsius
1565 436 1935 502 discrimine
1962 435 2383 503 metuendum
2411 437 2779 522 videbatur,

379 537 571 600 enixe
625 535 1083 624 impendebat,
1151 535 1408 622 quando
1467 545 1619 625 post
1661 537 2023 602 teterrimas
2066 539 2569 626 praeteritorum
2612 548 2777 604 tem-

369 659 603 723 porum
643 635 1034 700 calamitates
1081 636 1376 700 omnibus
1419 637 1491 700 in
1534 645 1668 702 tota
1720 635 2071 704 Germania
2104 637 2607 725 'Episcopalibus
2650 635 2777 703 Se-

370 736 556 801 dibus
601 745 964 824 opportune
1006 735 1380 823 prospicere
1423 737 1701 818 studuit,
1746 736 2299 821 cogitationesque
2344 760 2490 800 suas
2533 736 2780 824 pariter

372 835 688 900 convertit
743 835 826 899 ad
885 836 1042 900 duas
1091 836 1469 921 antiquitate
1518 846 1584 902 et
1627 835 1945 922 dignitate
1988 845 2389 924 praestantes
2428 835 2777 918 EcclesiaS,

369 936 917 1002 Hildesimensem
985 936 1267 1020 scilicet,
1333 947 1529 1022 atque
1574 936 2193 1022 Osnabrugensem,
2265 957 2430 1021 quae
2486 957 2693 1020 usque
2738 959 2780 1000 a.

373 1035 592 1103 Caroli
631 1036 853 1122 Magni
891 1059 1051 1101 aevo
1097 1060 1278 1100 suam
1321 1036 1566 1101 ducunt
1608 1037 1931 1122 originem
1946 1085 1967 1120 ,
2038 1058 2333 1122 quaeque
2382 1057 2554 1100 nunc
2600 1034 2775 1098 intra

374 1135 536 1200 fines
575 1135 1062 1200 Hannoveriani
1103 1137 1319 1222 Regni
1363 1137 1793 1201 continentur.

541 1236 718 1322 (ΙΙΙ.)
764 1237 861 1302 Re
909 1245 1259 1324 propterea
1298 1237 1529 1301 collata
1554 1259 1699 1301 cum
1728 1234 2163 1302 Serenissimo
2196 1233 2489 1320 Georgio
2520 1235 2777 1318 Quarto

369 1338 748 1423 Regnorum
797 1336 1073 1422 Magnae
1115 1335 1470 1401 Brittaniae
1535 1345 1601 1400 et
1641 1336 1997 1402 Hiberniae
2042 1334 2407 1418 unitorum,
2470 1356 2594 1400 nec
2636 1357 2776 1400 non

370 1437 803 1502 Hannoverae
842 1437 1051 1522 Rege,
1097 1459 1172 1500 ac
1211 1436 1715 1518 Brunsvvicensi,
1764 1445 1831 1500 et
1850 1433 2355 1519 Luneburgensi
2380 1435 2589 1518 Duce,
2630 1437 2775 1500 lau-

373 1536 558 1601 datus
601 1537 935 1624 pontifex,
983 1536 1219 1602 auditis
1265 1537 1458 1602 etiam
1502 1536 1831 1602 nonnullis
1878 1557 1965 1600 ex
2008 1535 2487 1602 venerabilibus
2529 1535 2774 1601 Fratri-

377 1638 496 1702 bus
538 1636 798 1702 Nostris
836 1634 1113 1704 Sanctae
1143 1636 1472 1702 Romanae
1497 1637 1834 1702 Ecclesiae
1863 1635 2335 1718 Cardinalibus,
2376 1634 2459 1700 de
2495 1635 2779 1702 faciliori

371 1737 623 1802 ratione
670 1736 1166 1802 deliberandum
1208 1738 1496 1821 censuit,
1546 1759 1711 1822 quae
1752 1738 1823 1802 in
1866 1745 2040 1802 tanta
2082 1758 2301 1800 rerum
2348 1735 2777 1802 conversione

374 1838 766 1919 occurrebat,
808 1837 997 1901 unice
1039 1836 1122 1902 ad
1165 1837 1346 1902 binas
1391 1838 1535 1901 illas
1578 1837 2005 1926 Episcopales
2046 1835 2263 1903 Sedes
2304 1858 2451 1901 cum
2488 1835 2619 1900 suis
2650 1835 2777 1902 Ga-

373 1935 598 2022 pitulis
639 1937 854 2021 aliquo
893 1946 1083 2024 pacto
1123 1937 1616 2021 conservandas,
1659 1947 1851 2022 atque
1882 1937 1966 2002 ad
2000 1937 2222 2002 dotem
2246 1934 2424 2024 ipsiS,
2467 1958 2543 2000 ac
2566 1936 2774 2003 Dioe-

290 2067 295 2072 ·
374 2058 574 2120 ceses,
621 2059 746 2122 quo
789 2046 1013 2124 posset
1053 2038 1264 2126 aptius
1308 2038 1809 2126 praefiniendas.
1934 2032 1939 2037 ¹

541 2137 714 2222 (IV.)
806 2135 1103 2222 Cumque
1162 2138 1340 2222 Nos,
1405 2139 1651 2203 meritis
1712 2137 1867 2202 licet
1924 2136 2281 2224 imparibus
2293 2185 2315 2220 ,
2376 2136 2461 2200 ad
2516 2135 2777 2202 Summi

371 2238 792 2304 Pontificatus
848 2239 1098 2326 apicem
1141 2239 1382 2304 Divina
1439 2239 1533 2302 sic
1580 2239 1966 2328 disponente
2008 2237 2411 2322 benignitate
2454 2237 2776 2302 fuerimus

374 2339 642 2424 evocati,
683 2340 752 2404 in
795 2339 866 2405 id
910 2339 1102 2404 etiam
1144 2338 1372 2404 sedulo
1420 2339 1797 2404 incumbere
1852 2338 2213 2422 debuimuS,
2258 2359 2344 2402 ne
2386 2337 2470 2402 de
2506 2337 2623 2402 illa
2648 2336 2773 2403 Ca-

374 2439 595 2504 tholici
636 2438 880 2526 Gregis
923 2440 1222 2529 portione
1267 2439 1480 2505 minus
1526 2439 1783 2505 solliciti
1821 2439 2214 2504 videremur.
2302 2438 2771 2525 Perspeximus

376 2538 640 2623 quidem
679 2564 716 2604 a
739 2539 1091 2606 Sacrorum
1121 2539 1458 2606 Canonum
1500 2540 1723 2625 rigore
1760 2539 1937 2604 haud
1964 2537 2382 2604 mediocriter
2406 2547 2775 2627 temperan-

378 2639 532 2703 dum
571 2640 791 2723 fuisse,
837 2641 1240 2725 multumque
1279 2641 1593 2723 locorum,
1636 2649 2024 2728 temporum,
2070 2661 2147 2702 ac
2168 2659 2593 2725 personarum
2620 2660 2772 2702 con-

379 2736 626 2820 ditioni,
669 2739 940 2822 aliisque
978 2739 1051 2803 id
1091 2761 1302 2824 genus
1345 2740 1781 2828 peculiaribus
1822 2738 2139 2804 adiunctis
2166 2738 2599 2804 tribuendum.
2644 2737 2777 2804 Ast

381 2858 525 2900 cum
574 2837 856 2902 maxime
903 2849 1250 2924 congruat,
1301 2839 1892 2904 Praedecessorum
1934 2837 2227 2923 vestigiis
2268 2837 2628 2921 inhaerere,
2678 2848 2771 2902 at-

378 2958 504 3021 que
545 2935 628 3000 ad
677 2938 922 3002 exitum
961 2938 1346 3026 perducere,
1391 2962 1556 3024 quae
1584 2940 1743 3006 Pius
1770 2939 2105 3028 Septimus
2141 2948 2350 3004 morte
2382 2947 2769 3027 praeventus

373 3037 664 3121 nequivit
707 3038 1128 3126 Apostolicae
1162 3039 1585 3106 Auctoritatis
1630 3041 1984 3108 munimine
2027 3043 2363 3124 roborare,
2419 3061 2659 3104 novum
2701 3038 2775 3101 in

377 3133 874 3205 Hannoveriano
920 3142 1154 3228 Regno
1194 3141 1634 3207 Ecclesiarum
1647 3192 1668 3225 ,
1737 3153 1801 3206 et
1850 3141 2298 3230 Capitulorum
2362 3149 2594 3205 statum
2654 3163 2771 3204 no-

379 3257 626 3321 vosque
671 3239 1090 3309 Dioecesium
1151 3243 1386 3308 limites
1443 3242 1527 3307 ad
1595 3265 1819 3308 eorum
1874 3265 2197 3325 normam,
2268 3262 2431 3326 quae
2476 3241 2773 3306 laudatus

373 3335 852 3405 Praedecessor
918 3342 1195 3408 duxerat
1257 3343 1695 3426 admittenda,
1763 3342 2063 3408 constitui
2120 3341 2554 3406 necessarium
2619 3364 2771 3407 con-

367 3437 722 3525 speximus,
1049 3467 1056 3472 ’

545 3539 684 3626 (V.)
770 3541 1101 3606 Habentes
1142 3542 1344 3628 igitur
1385 3566 1505 3630 pro
1552 3543 1899 3632 expressis,
1940 3562 2015 3606 ac
2052 3542 2134 3606 de
2161 3543 2367 3607 verbo
2388 3540 2473 3605 ad
2498 3542 2775 3606 verbum

375 3641 646 3728 prolatis
685 3641 766 3706 iis
809 3641 1138 3725 omnibus,
1204 3664 1368 3727 quae
1409 3644 1889 3732 praedictarum
1930 3643 2373 3708 Ecclesiarum
2389 3691 2408 3725 ,
2470 3650 2537 3708 et
2580 3638 2775 3728 Capi-

376 3744 662 3809 tulorum
700 3743 1022 3808 anteriora
1059 3742 1218 3825 iura,
1257 3743 1621 3830 privilegia,
1662 3767 1737 3808 ac
1775 3744 2258 3832 praerogativas
2288 3741 2663 3830 respiciunt,
2708 3750 2781 3804 et

383 3843 724 3909 consensui
767 3843 1144 3932 supplentes
1191 3864 1414 3907 corum
1457 3844 1743 3908 omnium
1759 3893 1779 3926 ,
1826 3865 2101 3928 quorum
2140 3843 2425 3926 intersit,
2458 3841 2541 3905 de
2589 3842 2774 3928 Apo-

380 3944 644 4010 stolicae
680 3944 1014 4031 potestatis
1060 3943 1467 4032 plenitudine
1490 3994 1509 4027 ,
1580 3945 1842 4034 praevia
1886 3943 2253 4009 omnimoda
2294 3943 2777 4031 suppressione,

381 4044 810 4128 extinctione,
882 4053 947 4108 et
991 4044 1344 4112 cessatione
1393 4045 1627 4134 prioris
1674 4054 1873 4110 status
1917 4045 2291 4110 Earundem
2318 4042 2779 4109 ‘Ecclesiamm

381 4151 448 4206 et
495 4142 940 4231 Capitulorum
957 4194 977 4229 ,
1037 4145 1495 4229 decernimuS,·
1522 4146 1695 4231 quod
1744 4168 1831 4212 ex
1874 4169 2047 4211 nunc
2089 4147 2159 4211 in
2200 4154 2535 4234 posterum
2582 4141 2777 4229 Capi-

378 4243 581 4307 tulum
631 4243 1037 4310 Oathedralis
1078 4246 1406 4311 Ecclesiae
1447 4246 1949 4311 Hildesimensis
2016 4247 2395 4311 efformetur
2450 4244 2529 4307 ab
2587 4242 2782 4306 unica

378 4343 744 4408 Decanatus
793 4345 1130 4430 Dignitate
1146 4393 1168 4428 ,
1211 4353 1276 4409 et
1317 4343 1459 4410 Sex
1504 4344 1869 4428 CanoniciS,
1911 4369 1986 4410 ac
2027 4350 2298 4431 quatuor
2339 4343 2617 4410 Vicariis
2658 4367 2779 4410 seu

375 4441 860 4508 Praebendatis.
