2959 4984
427 286 498 341 36
712 286 802 339 VI.
879 286 1176 339 REGULA
1215 284 1751 339 CHRODOGANGI
1782 284 2109 341 EPISCOPI
2148 286 2524 341 Mn‘rnusls,

423 454 494 517 in
533 474 660 537 qua
705 451 899 517 dicit:
939 452 1191 539 Aryue,
1238 451 1521 534 obsecra,
1566 456 1837 539 increpa
1884 454 1973 539 (1.
2014 454 2181 520 Tim.
2222 452 2329 537 4)3
2392 452 2461 518 id
2504 460 2623 536 est,
2668 452 2812 517 mis·

425 577 576 621 cens
625 554 1020 643 temporibus
1062 563 1384 642 tempora,
1429 556 1785 621 terroribus
1836 556 2309 637 blandimenta3
2370 554 2443 619 id
2482 564 2611 637 est,
2650 556 2813 620 indi-

423 655 792 743 sciplinatos
810 702 830 735 ,
877 662 942 718 et
979 654 1300 738 inquietos
1345 654 1588 720 debent
1632 656 1854 721 durius
1898 676 2221 741 arguere:
2281 653 2661 721 obedientes
2706 677 2812 718 au-

419 764 553 821 tem
595 762 662 819 et
688 754 872 819 mites
921 762 986 817 et
1027 754 1364 842 patientes,
1409 763 1482 818 ut
1520 754 1591 819 in
1632 754 1865 819 melius
1908 754 2249 842 proficiant
2272 756 2652 819 obsecrare:
2700 775 2811 819 ne-

403 854 746 942 gligentes
771 861 854 917 et
894 861 1376 919 contemnentes
1413 861 1485 943 et⁴
1507 856 1819 941 superbos
1852 862 1925 917 ut
1955 853 2297 941 increpent
2332 860 2399 917 et
2446 850 2813 939 corripiant,

419 975 633 1039 neque
680 953 1084 1019 dissimulent
1126 962 1390 1041 peccata
1433 952 1965 1038 delinquentium,
2008 952 2126 1019 sed
2172 974 2327 1017 mox
2360 959 2435 1016 ut
2476 952 2815 1039 coeperint

420 1054 611 1136 oriri,
677 1052 979 1118 radicitus
1039 1062 1112 1117 ut
1149 1053 1528 1140 praevalent
1570 1061 1937 1141 amputent,
1983 1074 2305 1118 memores
2344 1052 2621 1139 periculi
2660 1052 2815 1117 Heli

419 1152 766 1217 sacerdotis
813 1154 895 1217 de
921 1152 972 1239 1)
1010 1151 1173 1219 Silo.
1232 1152 1318 1217 Et
1356 1154 1760 1219 honestiores
1805 1152 2088 1237 quidem,
2132 1161 2323 1237 atque
2366 1150 2813 1237 intelligibiles

413 1253 622 1341 prima
667 1262 732 1317 et
769 1252 1052 1317 secunda
1093 1252 1531 1317 admonitione
1571 1253 1787 1317 verbis
1823 1253 2201 1340 corripiant3
2242 1252 2571 1339 improbos
2598 1260 2815 1317 autem

417 1376 492 1417 ac
537 1352 730 1417 duros
774 1353 972 1417 corde
1027 1376 1102 1417 ac
1147 1354 1459 1441 superbos
1503 1354 1613 1417 vel
1651 1352 2099 1417 inobedientes
2146 1353 2422 1415 verbere
2470 1360 2535 1415 et
2582 1374 2813 1440 corpo-

415 1450 504 1514 ris
538 1450 952 1536 castigatione
990 1452 1058 1515 in
1098 1451 1238 1539 ipso
1275 1450 1456 1516 initio
1485 1452 1731 1540 peccati
1764 1460 2120 1534 coerceant,
2158 1450 2435 1515 scientes
2466 1450 2813 1539 scriptum:

421 1548 681 1613 Stultus
737 1550 948 1615 verbis
990 1574 1124 1615 non
1181 1553 1542 1637 corriqitur
1588 1550 1807 1636 (Prov.
1858 1550 2004 1634 18);
2074 1560 2139 1615 et
2192 1549 2466 1615 iterum:
2528 1548 2813 1615 Pes-cate

397 1650 619 1732 filium
663 1664 836 1713 tuum
877 1651 1088 1737 vab-qa,
1131 1664 1192 1713 et
1257 1651 1561 1717 liberabis
1606 1654 1888 1715 animam
1932 1654 2066 1715 eius
2108 1675 2151 1715 a
2194 1664 2401 1715 morte
2446 1649 2695 1734 (Ibid.).

578 1766 666 1831 Et
709 1766 1022 1851 quidquid
1087 1788 1207 1854 per
1269 1788 1337 1831 se
1383 1768 1552 1831 iuste
1600 1777 1667 1830 et
1710 1766 2177 1831 rationabiliter
2222 1765 2577 1831 secundum
2620 1788 2808 1831 cano-

415 1865 626 1929 nicam
659 1863 1144 1947 institutionem,
1187 1866 1296 1929 vel
1334 1865 1523 1930 huius
1568 1886 1804 1952 parvae
1842 1865 2255 1930 institutionis
2314 1888 2445 1930 non
2486 1866 2818 1953 potuerint

419 1962 692 2029 definire
712 2012 732 2047 ,
789 1963 1050 2029 omnino
1108 1964 1412 2052 episcopo
1458 1964 1881 2052 patefaciant3
1952 1974 2020 2028 et
2075 1965 2217 2052 ipse
2274 1963 2633 2029 secundum
2678 1963 2811 2029 Dei

413 2063 808 2127 voluntatem
828 2112 849 2145 ,
916 2063 1093 2148 quod
1135 2064 1580 2150 castigandum
1622 2073 1723 2128 est
1764 2064 2039 2150 castiget
2059 2112 2079 2145 ,
2144 2071 2210 2127 et
2254 2063 2430 2147 quod
2476 2064 2808 2150 corrigen-

417 2162 574 2226 dum
615 2170 714 2227 est
752 2164 1052 2249 corrigat.
1115 2164 1248 2247 Qui
1277 2162 1782 2246 archidiaconuS,
1828 2163 1937 2227 vel
1978 2162 2377 2250 primicerius
2402 2162 2455 2249 ²)
2500 2163 2571 2227 in
2612 2162 2812 2229 omni-

415 2264 534 2327 bus
583 2262 842 2328 omnino
893 2263 1136 2328 actibus
1179 2263 1286 2327 vel
1327 2263 1631 2351 operibus
1672 2264 1805 2327 suis
1851 2262 1978 2326 sint
2000 2262 2147 2326 Deo
2194 2270 2260 2325 et
2304 2262 2617 2350 episcopo
2654 2262 2813 2327 fide-

407 2362 506 2427 les
551 2371 618 2427 et
659 2362 1080 2446 obedientes3
1129 2371 1193 2427 et
1232 2385 1364 2427 non
1411 2363 1539 2427 sint
1584 2362 1867 2449 superbi,
1912 2382 2127 2447 neque
2175 2361 2479 2443 rebelles,-
2518 2361 2631 2425 vel
2660 2383 2809 2427 con-

410 2470 802 2550 temptores3
848 2461 966 2526 sed
1015 2462 1170 2526 casti
1216 2470 1281 2525 et
1317 2462 1545 2544 sobrii,
1590 2462 1939 2549 patientes,
1979 2460 2285 2545 benigni,
2328 2468 2521 2544 atque
2564 2460 2813 2525 miseri-

415 2560 646 2627 cordes
674 2610 693 2644 ,
769 2575 830 2625 et
872 2584 1122 2645 semper
1167 2561 1612 2645 superexaltet
1650 2560 2105 2624 misericordia
2145 2559 2461 2623 iudicium
2479 2603 2501 2637 ,
2570 2566 2646 2622 ut
2688 2558 2812 2647 ipsi

409 2660 590 2725 idem
633 2668 1124 2744 consequantur.
1160 2658 1462 2745 Diligant
1506 2660 1769 2741 clerum,
1800 2658 2057 2725 oderint
2098 2658 2269 2741 vitia,
2312 2658 2381 2722 in
2418 2658 2563 2745 ipsa
2596 2667 2813 2723 autem

414 2760 822 2848 correptione
864 2759 1221 2846 prudenter
1267 2768 1479 2845 agant,
1528 2768 1598 2823 et⁴
1633 2780 1715 2823 ne
1764 2758 1921 2843 quid
1962 2757 2187 2839 nimis3
2230 2779 2313 2821 ne
2350 2756 2507 2821 dum
2546 2757 2813 2844 cupiunt

415 2858 682 2924 eradere
729 2858 1108 2944 aeruginem
1129 2907 1148 2941 ,
1191 2858 1528 2943 frangatur
1567 2880 1711 2940 ναῦς
1774 2856 2189 2924 meminerint
2258 2857 2579 2921 calamum
2626 2880 2811 2945 quas-

415 2972 621 3023 satum
663 2980 796 3021 non
838 2958 1314 3022 conterendum.
1410 2955 1494 3022 In
1536 2958 1766 3044 quibus
1814 2980 1944 3023 non
1988 2957 2280 3039 dicimus,
2320 2965 2395 3020 ut
2434 2957 2813 3045 permittant

415 3058 662 3123 nutrire
704 3054 898 3140 vitia‘,
965 3057 1083 3122 sed
1123 3057 1482 3146 prudenter
1528 3067 1593 3121 et
1638 3080 1781 3123 cum
1832 3057 2095 3121 caritate
2138 3078 2213 3121 ea
2252 3066 2583 3143 amputare
2626 3057 2803 3121 festi-

417 3166 592 3222 nent.
640 3156 928 3223 Oaveant
945 3206 965 3239 ,
1025 3178 1108 3221 ne
1169 3156 1326 3221 dum
1366 3156 1505 3221 aliis
1550 3156 2107 3244 praedicaverint,
2166 3156 2292 3244 ipsi
2352 3157 2620 3244 reprobi
2666 3157 2805 3221 effi-

415 3258 697 3340 ciantur3
765 3256 1172 3321 intendentes
1234 3255 1399 3320 illud
1440 3255 1857 3321 Dominicum
1914 3264 2374 3344 praeceptum:
2436 3254 2529 3320 Et
2588 3260 2706 3345 qui
2740 3259 2809 3319 in

417 3356 602 3421 oculo
629 3355 881 3443 fratris
943 3360 1052 3421 sui
1072 3356 1402 3442 festucam
1457 3358 1757 3437 videbas,
1816 3361 1887 3421 in
1934 3372 2043 3421 tuo
2090 3356 2333 3421 trabem
2374 3378 2505 3420 non
2546 3356 2807 3420 vidisti.-

413 3454 602 3521 Eiicc
629 3460 917 3543 primum
961 3455 1204 3520 trabem
1251 3458 1328 3521 de
1375 3458 1561 3521 oculo
1606 3470 1749 3536 tue,
1800 3471 1861 3520 et
1904 3470 2056 3521 tunc
2093 3448 2496 3543 perspicies,
2537 3468 2613 3519 ut
2656 3455 2806 3519 edu-

416 3579 524 3621 cas
558 3552 890 3642 festucam
935 3556 1012 3619 de
1063 3558 1250 3621 oculo
1282 3552 1535 3642 fratris
1585 3560 1691 3621 tui
1728 3556 1982 3642 (Matth.
2028 3556 2117 3641 Ἰ).

587 3677 721 3759 Qui
763 3676 1269 3761 archidiaconus,
1309 3677 1416 3741 vel
1446 3676 1849 3766 primicerius
1873 3675 1927 3761 ³)
1972 3674 2025 3739 si
2048 3673 2293 3762 reperti
2322 3671 2584 3755 fuerint,
2632 3668 2806 3757 quod

419 3776 618 3861 absit,
665 3776 966 3867 superbi,
1016 3788 1124 3843 aut
1165 3778 1314 3844 elati
1337 3829 1357 3862 ,
1419 3788 1529 3843 aut
1567 3776 2102 3859 contradictores,
2142 3776 2283 3840 ·vel
2329 3781 2805 3860 contemptores

417 3878 758 3943 canonicae
803 3887 868 3943 et
907 3878 1093 3944 huius
1138 3899 1372 3968 parvae
1410 3878 1863 3961 institutionis,
1904 3878 1967 3941 ii·
1994 3875 2351 3941 secundum
2389 3872 2806 3938 Dominicum

416 3988 836 4067 praeceptum
902 3978 1368 4043 admoneantur
1431 3979 1635 4053 semel
1694 3988 1759 4043 et
1798 3977 2079 4043 iterum:
2148 3975 2375 4040 sinon
2420 3972 2804 4039 emendave-

415 4076 564 4159 rint,
609 4080 686 4141 ab
727 4078 1030 4167 episcopo
1072 4078 1428 4143 secundum
1474 4079 1738 4144 modum
1779 4079 2005 4167 culpae
2048 4076 2433 4142 iudicentur.
2501 4073 2707 4157 Quod
2754 4072 2805 4137 si

417 4196 630 4263 neque
671 4177 766 4243 sic
809 4179 1244 4264 correxerint,
1311 4179 1394 4244 de
1439 4180 1773 4245 ordinibus
1818 4180 1951 4243 suis
1997 4176 2329 4243 eiiciantur
2348 4223 2369 4258 ,
2440 4183 2505 4238 et
2542 4172 2653 4239 alii
2699 4172 2805 4257 qui

612 4455 667 4523 1)
705 4458 778 4509 al.
815 4454 886 4510 de
919 4454 1046 4509 filiis
1085 4456 1212 4511 suis.
1412 4457 1466 4527 2)
1507 4458 1583 4512 al.
1620 4456 2003 4527 primitiariun.
2228 4454 2285 4525 3)
2320 4456 2397 4508 al.
2432 4454 2805 4523 praepositus.
