2959 4984
500 241 608 300 574
805 241 1102 294 Lxxx1x.
1176 241 1582 296 mucrones
1621 245 1718 296 DE
1759 243 2024 298 omnus
2057 243 2305 298 Fns‘ms
2343 247 2408 298 A.
2445 243 2604 302 1858.

502 405 701 478 Sedis
740 403 1157 494 indulgentia
1196 427 1283 472 ex
1318 405 1578 472 dierum
1605 405 1690 472 de
1721 417 2072 494 praecepto
2103 407 2418 474 festorum
2445 431 2726 476 numero
2755 411 2879 476 sub-

506 508 618 574 lati
676 531 753 574 ac
806 507 1097 574 translati
1158 515 1339 590 sunt,
1398 504 1946 592 quemadmodum
1991 507 2118 594 ipsi
2164 509 2526 574 animarum
2569 519 2880 576 curatores

502 609 819 693 debeant,
890 608 1045 674 dum
1084 615 1435 672 memorata
1474 605 1728 674 Urbani
1769 607 1940 672 VIII
1983 605 2375 674 Constitutio
2419 610 2492 674 in
2533 610 2738 696 pleno
2785 633 2880 673 suo

498 710 738 774 robore
776 708 1061 794 vigebat,
1106 717 1454 794 antequam
1491 708 1708 773 festivi
1753 707 1834 772 de
1871 719 2222 797 praecepto
2267 710 2406 776 dies
2439 711 2882 776 imminueren-

502 817 607 874 tur
626 861 647 896 ,
714 818 782 874 et
830 809 1357 876 transferrentur.
1453 809 1652 892 Quod
1699 830 1860 874 vero
1901 809 2130 874 attinet
2171 811 2255 874 ad
2300 811 2506 876 festos
2553 813 2883 876 translatos

500 911 639 978 dies
681 910 752 975 id
794 931 999 976 unum
1039 909 1419 997 excipimus,
1458 920 1531 974 ut
1571 910 1822 975 scilicet
1859 910 2116 994 quando
2149 934 2281 976 una
2313 933 2460 976 cum
2485 911 2885 978 solemnitate

501 1011 792 1076 divinum
836 1008 1121 1074 officium
1159 1008 1538 1074 translatum
1573 1009 1770 1074 fuerit
1809 1009 1880 1074 in
1907 1010 2330 1076 Dominicum
2355 1011 2554 1092 diem,
2597 1035 2730 1076 una
2757 1021 2882 1074 tan-

502 1121 640 1176 tum
684 1110 887 1176 Missa
926 1132 1047 1198 pro
1088 1111 1335 1198 populo
1378 1110 1461 1175 sit
1503 1135 1542 1174 a
1582 1109 1881 1197 parochis
1925 1111 2330 1198 applicanda,
2371 1110 2887 1196 quandoquidem

500 1211 721 1293 Missa,
768 1231 933 1296 quae
977 1208 1325 1299 praecipua
1359 1209 1562 1275 divini
1603 1208 1802 1274 officii
1847 1233 2000 1298 pars
2037 1221 2156 1293 est,
2197 1231 2330 1274 una
2356 1209 2556 1274 simul
2581 1233 2730 1276 cum
2760 1210 2883 1296 ipso

497 1310 715 1378 officio
748 1314 1057 1378 translata
1098 1312 1453 1378 existimari
1497 1312 1714 1378 debet.

660 1412 854 1480 Nunc
900 1435 1057 1478 vero
1101 1413 1355 1500 paterni
1389 1412 1588 1478 animi
1619 1411 1846 1478 Nostri
1871 1411 2134 1478 caritate
2159 1411 2424 1476 illorum
2453 1412 2876 1498 parochorum

492 1513 947 1598 tranquillitati
990 1513 1367 1602 prospicere
1390 1513 1708 1597 volentes,
1749 1512 1860 1598 qui
1887 1514 1972 1577 ob
2009 1521 2324 1576 assertam
2353 1511 2880 1576 consuetudinem

494 1613 865 1679 memoratis
910 1613 1141 1678 diebus
1183 1613 1449 1680 Missam
1497 1635 1618 1701 pro
1663 1614 1908 1702 populo
1953 1612 2280 1700 applicare
2325 1610 2712 1692 omiserunt,
2755 1631 2876 1674 eos-

498 1712 649 1778 dem
705 1715 1023 1802 parochos
1081 1715 1167 1778 ob
1226 1714 1524 1779 omnibus
1588 1714 1950 1800 quibusque
2012 1712 2384 1802 praeteritis
2443 1712 2879 1778 omissionibus

500 1812 911 1879 Auctoritate
956 1813 1199 1880 Nostra
1242 1813 1630 1904 Apostoliea
1674 1813 2052 1902 plenissime
2099 1811 2512 1878 absolvimus,
2607 1813 2700 1878 Et
2747 1835 2877 1898 quo-

494 1911 669 1978 niam
708 1935 839 1978 non
882 1914 1123 1980 desunt
1162 1915 1524 1981 animarum
1560 1924 1911 1996 curatores,
1957 1913 2066 1998 qui
2109 1913 2439 2002 peculiare
2483 1912 2756 1997 aliquod
2791 1933 2875 1976 re-

494 2013 852 2097 ductionis,
920 2015 1015 2080 uti
1075 2016 1331 2100 dicunt,
1400 2015 1738 2080 Indultum
1783 2016 1862 2081 ab
1905 2015 2028 2079 hac
2069 2013 2456 2102 Apostolisea
2499 2011 2684 2080 Sede
2733 2011 2876 2078 obti-

490 2135 715 2198 nuere,
758 2114 1197 2200 concedimus,
1240 2127 1311 2181 ut
1356 2115 1484 2204 ipsi
1519 2116 1790 2202 hujusce
1823 2112 2076 2180 Indulti
2107 2112 2427 2180 beneficio
2461 2113 2716 2200 perfrui
2745 2134 2874 2200 per-

489 2223 649 2298 gant
701 2215 893 2300 juxta
944 2225 1163 2284 tamen
1222 2217 1627 2282 conditiones
1689 2216 1760 2282 in
1802 2215 2068 2282 Indulto
2121 2236 2466 2302 expressas
2483 2263 2502 2296 ,
2575 2222 2642 2278 et
2687 2213 2873 2277 donee

488 2313 922 2400 parochorum
966 2316 1253 2382 officium
1296 2316 1712 2382 exercuerint
1749 2317 1820 2380 in
1867 2315 2182 2404 paroeciis
2199 2363 2220 2398 ,
2263 2336 2422 2399 quas
2471 2313 2540 2377 in
2583 2333 2870 2400 praesen-

487 2413 721 2479 tiarum
764 2427 1003 2502 regunt
1044 2427 1111 2482 et
1149 2417 1618 2484 administrant.

654 2515 835 2580 Dum
878 2525 1097 2582 autem
1139 2519 1299 2582 haee
1340 2516 1696 2599 statuimus,
1741 2524 1808 2580 et
1834 2514 2276 2600 indulgemuS,
2317 2511 2390 2576 in
2418 2533 2566 2578 eam
2589 2511 2868 2600 profecto

490 2635 673 2702 spem
718 2615 1034 2702 erigimur
1076 2618 1241 2702 fore,
1274 2615 1711 2682 Venerabiles
1753 2614 2036 2696 Fratres,
2075 2623 2149 2679 ut
2189 2611 2456 2700 parochi
2501 2611 2746 2695 majore
2781 2631 2870 2674 us-

488 2737 614 2802 que
672 2717 1029 2784 animarum
1089 2718 1303 2783 studio
1367 2727 1432 2782 et
1493 2737 1714 2782 amore
1758 2714 2007 2780 incensi
2050 2713 2202 2778 huic
2247 2709 2632 2797 obligationi
2681 2707 2868 2797 appli-

488 2816 679 2881 candi
718 2817 985 2882 Missam
1038 2839 1161 2902 pro
1206 2817 1451 2905 populo
1492 2814 1992 2902 diligentissime
2035 2835 2112 2878 ac
2150 2811 2590 2896 religiossime
2637 2807 2865 2876 satisfa-

490 2935 643 2980 cere
680 2915 1069 3001 glorientur,
1114 2918 1283 2983 serio
1327 2915 1812 2982 considerantes
1851 2913 2246 2980 uberrimam
2291 2910 2676 2977 coelestium
2700 2929 2862 2998 prae-

492 3014 713 3082 sertim
754 3037 1099 3082 munerum
1116 3065 1137 3099 ,
1200 3040 1275 3081 ae
1316 3019 1635 3082 bonorum
1681 3015 1967 3103 copiam,
2035 3034 2200 3098 quae
2252 3033 2341 3076 ex
2377 3011 2502 3076 hac
2541 3005 2862 3087 incruenti,

496 3115 827 3200 divinique
876 3115 1195 3183 Sacrificii
1256 3117 1691 3206 applicatione
1749 3115 1820 3180 in
1867 3114 2278 3182 christianam
2340 3111 2604 3198 plebem
2660 3128 2864 3173 eorum

492 3237 683 3280 curae
728 3215 1135 3282 commissam
1178 3217 1439 3284 abunde
1480 3214 1824 3280 redundat.
1887 3211 2056 3278 Cum
2095 3234 2250 3277 vero
2290 3209 2432 3278 Nos
2477 3208 2742 3274 minime
2785 3207 2860 3270 la-

496 3325 647 3400 teat,
675 3318 1037 3406 peculiares
1076 3339 1260 3384 casus
1288 3317 1668 3402 contingere
1701 3335 1915 3402 posse,
1957 3313 2026 3378 in
2068 3313 2298 3398 quibus
2337 3332 2458 3398 pro
2493 3331 2572 3374 re
2609 3333 2686 3380 ac
2718 3318 2864 3370 tem·

486 3439 647 3506 pore
710 3417 927 3502 aliqua
987 3418 1179 3504 hujus
1248 3416 1664 3502 obligationis
1711 3414 2010 3481 remissio
2047 3411 2346 3500 parochis
2391 3411 2476 3474 sit
2519 3405 2861 3486 tribuenda,

484 3518 699 3584 sciatis
736 3519 1015 3584 velimus
1031 3565 1051 3600 ,
1120 3519 1201 3582 ab
1248 3517 1544 3582 omnibus
1593 3515 1904 3582 Nostram
1949 3511 2225 3580 Concilii
2275 3509 2864 3596 Congregationem
2942 3549 2943 3572 1

480 3617 675 3684 unice
710 3617 1077 3684 adeundam
1118 3619 1203 3682 ad
1241 3617 1616 3700 hujusmodi
1661 3615 2012 3682 obtinenda
2049 3613 2323 3693 indulta,
2365 3610 2498 3684 illis
2545 3611 2864 3676 dumtaxat

482 3719 773 3806 exceptis
794 3767 815 3800 ,
880 3717 990 3803 qui
1044 3741 1083 3782 a
1123 3716 1365 3785 Nostra
1407 3715 1942 3804 Congregatione
1983 3713 2142 3778 fidei
2187 3711 2650 3800 propagandae
2693 3728 2859 3797 prae-

483 3819 697 3908 posita
736 3819 1060 3907 pendent,
1120 3841 1265 3882 cum
1328 3827 1726 3906 opportunas
1789 3816 2049 3900 utrique
2095 3810 2616 3899 Congregationi
2659 3817 2860 3874 contu-

483 3919 751 3985 lerimus
792 3918 1149 3984 facultates.

651 4019 837 4086 Nihil
875 4019 1065 4107 plane
1102 4017 1490 4102 dubitamus,
1515 4015 1946 4081 Venerabiles
1969 4014 2258 4097 Fratres,
2305 4012 2458 4096 quin
2488 4033 2612 4100 pro
2641 4011 2860 4078 eximia

487 4129 705 4186 vestra
776 4117 1127 4206 episcopali
1193 4115 1628 4184 sollicitudine
1689 4115 1984 4181 omnibus
2054 4125 2118 4178 et
2179 4113 2454 4199 singulis
2515 4123 2861 4179 vestrarum

485 4219 905 4286 Dioeeesium
949 4217 1275 4305 parochis,
1312 4217 1494 4282 nulla
1533 4217 1915 4303 interposita
1952 4238 2154 4298 mora,
2197 4212 2428 4281 sedulo
2455 4215 2858 4280 manifestare

482 4318 718 4399 velitis,
764 4340 930 4404 quae
974 4319 1041 4382 in
1082 4319 1261 4384 hisce
1304 4317 1564 4384 Nostris
1607 4316 1874 4383 Litteris
1928 4317 2010 4382 de
2057 4337 2283 4382 eorum
2329 4313 2731 4399 obligatione
2769 4337 2859 4400 ap·
2941 4359 2943 4380 t

481 4416 769 4502 plicandi
818 4437 941 4502 pro
984 4417 1231 4502 populo
1274 4417 1399 4482 sibi
1442 4417 1786 4484 commisso
1831 4424 2312 4484 sacrosanctum
2351 4413 2594 4482 Missae
2637 4413 2856 4482 sacrifi-
