2959 4984
446 294 691 344 XLVIII
767 293 1079 347 LITERAE
1118 294 1561 349 AROHOEPISO.
1601 296 2031 353 VIENNENSIS
2071 302 2132 353 A.
2174 298 2330 357 1855.
2471 302 2578 357 289

158 480 285 523 seu
368 459 911 553 compensationis
976 459 1163 523 titulo
1224 459 1303 525 ab
1358 460 1682 547 imperiali
1742 460 2078 527 Gubernio
2165 465 2577 549 assignentur

164 559 362 625 dotes
408 581 523 625 seu
565 561 635 637 in
675 559 864 625 bonis
906 550 1256 643 fundisque
1296 560 1667 643 stabilibus,
1735 583 1850 626 seu
1907 584 2102 649 super
2146 564 2418 681 Imperii
2465 564 2575 629 de-

157 660 303 725 bito
343 660 715 725 fundatae
696 660 904 745 1isque
939 660 1235 724 omnibus
1277 669 1343 723 et
1384 659 1660 747 singulis
1699 661 2080 743 tribuantur,
2116 664 2225 747 qui
2258 664 2410 750 jure
2441 666 2574 731 exi-

157 760 370 844 gendi
416 760 700 825 decimas
748 759 1203 848 potiebanturg
1248 760 1532 844 itemque
1575 760 1879 846 Majestas
1924 760 2060 827 Sua
2107 764 2409 847 declarat,
2462 765 2573 829 do—

156 870 263 925 tes
304 859 481 947 ipsas
526 860 861 925 habendas
902 860 1163 923 omnino
1208 882 1384 943 esse,
1423 868 1622 949 prout
1661 862 2023 947 assignatae
2069 864 2345 947 fuerint,
2387 865 2574 929 titulo

158 980 447 1027 oneroso
494 969 561 1024 et
604 960 839 1025 eodem
882 981 956 1024 ac
994 960 1301 1043 decimae,
1342 961 1575 1045 quibus
1616 961 1986 1045 succedunt,
2023 964 2174 1047 jure
2210 963 2573 1051 percipien-

160 1059 279 1123 das
328 1061 781 1145 tenendasque
824 1080 986 1124 esse.

338 1160 490 1225 Art.
514 1159 838 1225 XXXIV.
900 1158 1135 1225 Cetera
1176 1159 1260 1223 ad
1299 1182 1616 1248 personas
1660 1170 1726 1226 et
1764 1182 1871 1225 res
1919 1162 2382 1227 ecclesiasticas
2427 1185 2572 1251 per-

160 1260 456 1343 tinentia,
504 1282 781 1345 quorum
816 1261 996 1324 nulla
1038 1260 1106 1325 in
1150 1260 1250 1323 his
1299 1261 1585 1325 articulis
1629 1261 1872 1326 mentio
1911 1262 2078 1326 facta
2125 1271 2242 1344 est,
2290 1263 2574 1349 dirigen-

160 1372 269 1427 tur
314 1362 532 1426 omnia
572 1370 637 1425 et
673 1361 1290 1426 administrabuntur
1325 1362 1520 1446 juxta
1548 1360 1884 1426 Ecclesiae
1931 1362 2286 1428 doctrinam
2328 1371 2394 1427 et
2438 1364 2576 1449 ejus

156 1464 503 1549 vigentem
547 1460 953 1549 discipliffam
992 1486 1029 1525 a
1072 1460 1315 1528 Sancta
1358 1459 1539 1527 Sede
1585 1461 2027 1549 adprobatam.

322 1562 487 1626 Art.
530 1560 815 1627 XXXV.
880 1561 1012 1626 Per
1055 1561 1413 1627 solemnem
1456 1562 1628 1633 hanc
1661 1560 2176 1627 conventionem
2215 1562 2424 1649 leges,
2469 1586 2570 1629 or-

160 1663 534 1745 dinationes
603 1672 669 1726 et
723 1662 986 1727 decreta
1041 1662 1268 1747 quovis
1333 1662 1530 1728 modo
1577 1670 1657 1726 et
1697 1664 1906 1727 forma
1964 1662 2034 1728 in
2091 1662 2380 1749 Imperio
2430 1664 2567 1729 Au·

160 1765 401 1829 striaco
450 1772 514 1827 et
562 1764 856 1849 singuliS,
901 1763 1130 1849 quibus
1178 1762 1586 1828 constituitur
1629 1762 2013 1844 ditionibus,
2072 1762 2380 1827 hactenus
2426 1763 2574 1847 lata,

158 1866 229 1929 in
276 1872 593 1948 quantum
634 1863 731 1927 illi
782 1864 1221 1948 adversantur,
1266 1866 1576 1949 abrogata
1617 1863 2043 1945 habebuntur,
2086 1864 2356 1951 ipsaque
2399 1862 2568 1929 Con-

110 1972 113 1975 ’
160 1967 385 2031 ventio
436 1974 509 2028 ut
543 1964 657 2030 lex
698 1962 919 2029 Status
967 1964 1277 2053 deinceps
1320 1965 1569 2029 eisdem
1610 1964 1678 2029 in
1719 1964 2066 2029 ditionibus
2112 1973 2430 2053 perpetuo
2475 1964 2568 2029 vi-

155 2066 367 2154 gebit.
450 2065 673 2149 Atque
716 2063 958 2129 idcirco
1004 2074 1282 2150 utraque
1346 2064 1857 2130 contrahentium
1919 2088 2070 2151 pars
2113 2066 2426 2152 spondet,
2500 2088 2570 2131 se

161 2160 710 2249 successoresque
754 2188 907 2229 suos
950 2166 1163 2230 omnia
1211 2174 1277 2230 et
1315 2166 1590 2252 singula,
1640 2165 1722 2229 de
1753 2164 1986 2248 quibus
2029 2174 2414 2231 conventum
2453 2175 2568 2248 est,

162 2276 390 2332 sancte
438 2274 827 2357 servaturos
908 2264 984 2332 Si
1028 2288 1153 2352 qua
1194 2289 1353 2331 vero
1412 2267 1481 2329 in
1524 2274 1855 2354 posterum
1905 2265 2356 2351 supervenerit
2395 2264 2563 2329 diffi-

160 2368 392 2448 cultaS,
434 2364 755 2439 Sanctitas
790 2365 925 2433 Sua
970 2375 1035 2431 et
1074 2366 1380 2452 Majestas
1421 2364 1744 2433 Caesarea
1781 2363 2060 2429 invicem
2105 2365 2440 2429 conferent
2481 2364 2564 2429 ad

162 2489 311 2533 rem
358 2466 563 2531 amice
612 2466 1144 2555 componendam.

339 2569 488 2634 Art.
531 2567 849 2633 XXXVI.
947 2565 1465 2633 Ratificationum
1530 2566 1723 2652 hujus
1787 2562 2249 2630 Conventionis
2311 2563 2570 2629 traditio

156 2671 278 2736 fiet
323 2670 495 2734 intra
543 2668 817 2732 duorum
864 2667 1185 2733 mensium
1227 2666 1509 2755 spatium
1573 2691 1610 2731 a
1669 2666 1773 2730 die
1817 2665 1998 2729 hisce
2047 2663 2332 2779 articulis
2371 2686 2566 2752 appo-

161 2774 283 2837 sita
330 2780 443 2836 aut
487 2770 691 2852 citius,
737 2768 789 2833 si
832 2767 977 2832 fieri
1020 2776 1252 2854 potest.

324 2872 413 2937 In
449 2893 728 2955 quorum
774 2868 974 2933 fidem
1014 2866 1327 2954 praedicti
1353 2866 1913 2955 Plenipotentiarii
1953 2866 2105 2930 huic
2125 2861 2556 2931 conventioni

162 2971 711 3058 subscripserunt,
759 2968 1066 3052 illamque
1116 2989 1230 3031 suo
1281 2966 1553 3051 quisque
1598 2968 1814 3055 sigillo
1862 2966 2387 3052 obsignaverunt.

332 3074 585 3137 Datum
621 3070 919 3133 Viennae
965 3066 1070 3131 die
1122 3064 1372 3131 decima
1416 3076 1641 3131 octava
1689 3066 1977 3155 Augusti
2021 3088 2188 3132 anno
2231 3077 2572 3156 reparatae

160 3172 411 3241 Salutis
460 3170 806 3235 millesimo
854 3167 1393 3253 octingentesimo
1442 3168 1984 3255 quinquagesimo
2026 3170 2272 3253 quinto,

338 3290 538 3355 Mich.
588 3286 780 3353 Oard.
1763 3286 1813 3354 J
1815 3288 2038 3376 oseph.
2085 3285 2380 3355 Othmar.

158 3388 776 3461 Viale-Prela
830 3410 1022 3473 m.p.
1653 3387 1749 3451 de
1790 3388 2232 3453 Rauscher
2276 3411 2361 3451 m.
2403 3409 2490 3473 p.,

444 3490 546 3576 (L.
591 3488 692 3571 S.)
910 3482 915 3486 ⁴
1072 3540 1076 3544 .
1583 3486 2140 3576 Archiepiscopus
2181 3486 2575 3553 Viennensis

395 3612 402 3618 ·
1921 3588 2025 3673 (L.
2073 3588 2195 3672 S.).

156 3724 481 3792 XLVIII.
564 3722 961 3788 Litterae
1016 3747 1053 3786 a
1098 3720 1614 3787 Celsissimo
1672 3731 1752 3785 et
1792 3720 2570 3787 Reverendissimo

158 3824 575 3912 Principe
619 3822 1317 3910 Archiepiscopo
1357 3821 1832 3887 Viennensi
1877 3844 2031 3907 qua
2072 3819 2230 3905 Maj
2261 3820 2570 3885 estatis

159 3926 393 3993 Suae
453 3924 939 3991 Caesareae
1007 3922 1814 4011 Plenipotentiario
1890 3920 1989 3986 ad
2061 3917 2569 3985 Eminentis-

161 4028 469 4093 simum
519 4034 597 4089 et
639 4023 1485 4091 Reverendissimum
1527 4023 1978 4089 Dominum
2008 4019 2247 4085 Mich.
2291 4016 2564 4086 S.R.E.

224 4125 795 4195 Cardinalem
838 4124 1083 4188 Viale
1126 4123 1385 4189 Prela
1426 4147 1576 4208 qua
1618 4118 2174 4189 Sanctissimi
2217 4118 2506 4185 Patris

775 4218 1661 4312 Plenip'otentiarium
1710 4223 1974 4287 datae.

160 4364 691 4447 Eminentia-sime
716 4400 795 4443 ac
820 4376 1375 4442 Reverendissi‘me
1399 4374 1726 4441 Domine!
1771 4374 2049 4439 Domine
2079 4372 2565 4439 Colendissime.

329 4495 629 4563 Ecclesia
672 4493 985 4561 catholica
1028 4484 1359 4578 nunquam
1396 4516 1530 4558 non
1575 4501 1673 4558 est
1715 4516 1858 4557 arca
1879 4541 1900 4575 ,
1966 4492 2050 4557 ad
2098 4513 2290 4577 quam
2337 4489 2557 4555 confu-

226 4602 405 4646 Walter
433 4598 609 4643 Fontes
640 4601 758 4644 iuris
795 4599 1124 4642 ecclesiastici·
1625 4614 1630 4618 -
2107 4595 2175 4648 19
