2959 4984
456 292 602 341 xxl.
676 289 871 342 ORDO
911 289 1368 340 CELEBRANDI
1407 289 1812 342 GENERALIS
1851 291 2184 342 coneum.
2423 291 2528 346 123

123 459 225 524 tiis
279 457 671 544 agitabatur.
754 455 957 522 Erant
1018 457 1251 542 cuique
1315 459 1662 524 conventui
1717 468 2012 546 separata
2067 459 2408 524 tribunalia
2463 469 2530 526 et

121 561 285 642 loca,
331 560 402 624 in
446 557 682 642 quibus·
720 557 1143 622 convenirent
1182 559 1429 646 proprii
1458 559 1908 643 magistratus:
1952 557 2368 643 Praesidens,
2417 561 2530 645 qui

119 659 504 726 concionem
547 657 673 722 adv
689 667 928 740 oearet,
982 659 1251 744 negotia
1292 668 1712 748 proponeret,
1757 668 1826 724 et
1863 659 2222 725 secundum
2267 661 2528 728 maioris

111 760 319 849 partis
364 758 719 824 sententias
764 759 1205 825 concluderet.
1298 759 1675 841 Promotor,
1736 761 1847 845 qui
1911 769 2217 846 tanquam
2265 772 2524 830 curator

116 859 427 948 publicus
464 859 803 944 ingereret
840 859 1129 945 negotia,
1156 860 1574 944 instaretque,
1617 870 1691 926 ut
1717 861 2222 928 absolverentur.
2269 862 2526 948 Scriba,

114 961 229 1046 qui
273 968 471 1046 gesta
532 959 923 1045 decretaque
990 961 1271 1049 publicis
1334 962 1740 1028 documentis
1787 971 2148 1029 annotaret.
2231 963 2528 1030 Nunoius

114 1059 361 1125 deinde
400 1059 543 1124 sive
584 1061 938 1148 apparitor,
982 1061 1090 1146 qui
1132 1071 1351 1148 patres
1396 1071 1802 1144 convocaret,
1847 1062 2090 1146 citaret,
2135 1062 2345 1128 edicta
2375 1087 2526 1151 pro—

109 1169 417 1249 poneret,
462 1169 527 1226 et
572 1159 823 1226 similia.
920 1159 1411 1228 Conveniebant
1468 1162 1630 1228 haec
1687 1161 1968 1249 collegia
2029 1171 2128 1228 ter
2169 1161 2239 1226 in
2277 1161 2524 1228 hebdo-

109 1261 313 1326 mada
353 1259 591 1326 iisdem
634 1261 815 1326 horis
858 1261 927 1326 in
970 1262 1252 1350 propriis
1295 1263 1655 1350 praetoriis,
1687 1262 1818 1345 ubi,
1862 1283 1938 1327 re
1981 1260 2196 1328 divina.
2240 1270 2522 1349 peracta,

111 1362 316 1426 rebus
363 1359 675 1445 gerendis
722 1382 985 1449 operam
1032 1361 1288 1427 dabant.
1331 1362 1439 1428 Ex
1484 1371 1754 1447 quatuor
1797 1361 2038 1427 deinde
2079 1362 2278 1428 sacris
2321 1362 2522 1450 depu-

120 1461 482 1526 tationibus
549 1459 894 1525 duodecim
956 1462 1243 1528 virorum
1304 1463 1660 1549 collegium
1721 1461 2126 1548 eligebatur,
2198 1462 2368 1528 terni
2439 1483 2524 1526 ex

111 1581 521 1646 unoquoque
588 1571 907 1626 conventu
968 1571 1033 1626 et
1090 1562 1351 1628 natione
1378 1613 1401 1646 ,
1452 1563 1578 1628 viri
1624 1562 1916 1628 doctrina
1940 1611 1961 1646 ,
2021 1570 2087 1628 et
2125 1561 2528 1650 experientia

112 1662 307 1745 clari,
369 1661 456 1726 ad
497 1662 617 1727 hos
658 1662 926 1748 negotia
968 1663 1184 1728 omnia
1224 1665 1508 1751 primum
1551 1662 2010 1729 deferebantur
2034 1711 2054 1745 ,
2113 1663 2253 1747 qui,
2325 1665 2522 1728 rebus

114 1771 375 1829 mature
426 1759 740 1846 digestis,
784 1763 895 1827 vel
932 1783 1009 1828 ea
1049 1765 1474 1852 respuebant,
1530 1763 1640 1830 vel
1675 1763 1730 1830 si
1773 1761 2172 1828 admittenda
2216 1763 2522 1828 videban-

111 1874 219 1927 tur
239 1913 261 1946 ,
308 1863 396 1927 ad
440 1862 793 1948 collegium
814 1911 835 1944 ,
898 1863 1002 1928 cui
1044 1873 1494 1951 competerent
1515 1913 1535 1948 ,
1595 1863 2046 1948 remittebant,
2109 1873 2374 1950 eratque
2418 1864 2520 1928 his

109 1971 441 2054 potestaS,
523 1985 671 2028 cum
710 1964 957 2049 aliquid
1016 1986 1221 2050 grave
1262 1965 1572 2050 instaret,
1644 1986 1999 2032 convocare
2053 1975 2326 2050 quatuor
2373 1988 2521 2030 con-

114 2075 356 2130 ventus
404 2064 599 2130 etiam
644 2074 831 2130 extra
872 2065 1189 2131 ordinem.
1264 2065 1632 2150 Caeterum,
1681 2088 1844 2153 quae
1885 2091 1924 2131 a
1968 2066 2314 2132 duodecim
2354 2067 2522 2132 viro-

112 2190 263 2232 rum
310 2166 595 2252 collegio
643 2167 726 2232 ad
772 2166 1143 2255 quempiam
1190 2189 1277 2232 ex
1322 2176 1601 2253 quatuor
1642 2167 2064 2254 conventibus
2110 2166 2525 2233 remitteban-

110 2279 257 2352 tur,
334 2269 866 2356 proponebantur
925 2290 1046 2356 per
1102 2269 1586 2356 praesidentem
1643 2269 1822 2334 illius
1876 2277 2228 2334 conventus
2249 2317 2268 2351 ,
2313 2289 2526 2352 neque

112 2371 361 2436 licebat
398 2369 512 2432 illa
554 2367 661 2433 die
708 2368 791 2433 de
833 2368 1183 2457 propositis
1236 2369 1634 2452 decernere,
1697 2369 1822 2434 nisi
1875 2392 1984 2435 res
2031 2369 2373 2434 manifeste
2420 2389 2521 2432 ce-

108 2471 456 2536 leritatem·
486 2468 921 2536 necessariam
980 2470 1298 2556 exigeret.
1412 2470 1613 2554 Quod
1656 2470 1861 2538 maior
1912 2470 2151 2536 deinde
2199 2493 2350 2558 pars
2395 2477 2519 2533 sta-

114 2572 369 2652 tuisset,
412 2569 496 2635 ad
540 2569 701 2636 alios
753 2578 883 2636 tres
929 2579 1283 2638 conventus
1321 2571 1772 2653 deferebatur3
1847 2592 2074 2636 eorum
2117 2568 2332 2659 opinio
2376 2591 2524 2633 cum

107 2671 473 2737 rationibus
495 2719 515 2754 ,
599 2678 663 2736 et
722 2671 1387 2757 argumentationibus
1444 2673 1781 2758 utriusque
1847 2671 2070 2760 partis.
2161 2671 2358 2755 Quod
2403 2692 2524 2760 per

108 2781 245 2837 tres
292 2780 651 2836 conventus
696 2773 1123 2860 approbatum
1168 2772 1343 2857 erat,
1406 2773 1493 2838 ad
1547 2772 2030 2862 praesidentem
2078 2770 2356 2838 Consilii
2397 2793 2518 2860 pu-

107 2873 303 2940 blicis
346 2872 753 2938 documentis
797 2871 1214 2940 deferebatur
1239 2924 1260 2959 ,
1332 2873 1447 2959 qui
1491 2883 1725 2940 statuto
1767 2871 1874 2940 die
1915 2874 1984 2939 in
2023 2877 2316 2963 generali
2365 2899 2513 2942 con-

110 2973 507 3060 gregatione
550 2973 634 3038 de
684 2995 762 3038 ea
802 2995 877 3038 re
920 2973 1289 3059 referebat,
1348 2997 1563 3062 neque
1618 2976 1854 3043 licebat
1908 2977 2393 3065 praesidentem
2435 2978 2518 3043 de

112 3075 336 3159 aliqua
374 3096 449 3138 re
493 3095 695 3159 agere
736 3097 883 3140 cum
929 3076 1221 3163 patribus
1279 3075 1349 3142 in
1410 3077 1705 3162 generali
1749 3087 2103 3162 conventu,
2166 3078 2290 3144 nisi
2332 3079 2514 3168 prius

116 3176 201 3240 de
246 3197 327 3240 ea
370 3174 818 3259 deliberatum,
862 3175 1031 3260 (sive
1074 3187 1145 3242 ut
1176 3176 1461 3263 aiebant)
1509 3179 1883 3244 conclusum
1923 3179 2152 3245 fuisset
2191 3201 2312 3269 per
2362 3203 2514 3266 qua-
2619 3258 2628 3266 ,

108 3287 301 3358 tuor,
369 3284 482 3340 aut
526 3276 755 3342 saltem
796 3298 917 3366 per
955 3286 1087 3342 tres
1128 3278 1596 3366 deputationes.
1702 3279 1987 3345 Demum
2026 3281 2138 3347 ubi
2188 3281 2519 3370 quippiam

107 3403 149 3442 a
188 3377 487 3467 partibus
530 3379 954 3466 approbatum
997 3387 1135 3444 erat
1170 3379 1241 3444 in
1281 3381 1578 3466 generali
1625 3380 2154 3468 congregatione,
2200 3404 2364 3469 quae
2412 3406 2515 3450 oe-

104 3489 257 3544 tavo
306 3498 567 3564 quoque
629 3478 735 3544 die
781 3479 1311 3564 frequentabatur
1330 3530 1351 3564 ,
1420 3481 1492 3546 in
1535 3481 1814 3548 formam
1867 3481 2116 3548 decreti
2177 3480 2517 3566 redactum

104 3579 177 3644 in
216 3578 483 3666 publica
524 3579 809 3644 sessione
854 3579 983 3644 ritu
1024 3579 1281 3646 solenni
1319 3582 1738 3646 statuebatur.

1096 3727 1309 3820 Caput
1343 3731 1532 3797 Vm.

573 3843 675 3909 De
718 3846 1025 3933 qenerali
1062 3850 1570 3936 conyreyatione
1617 3850 1686 3912 in
1737 3845 2073 3914 Conciliis.

282 3978 631 4046 Generalis
673 3982 1093 4069 congregatio
1147 3981 1369 4047 differt
1430 4007 1469 4047 a
1528 3983 1790 4071 publica
1835 3983 2124 4049 sessione
2143 4032 2162 4066 ,
2227 3983 2403 4069 quod
2444 3984 2513 4049 in

108 4082 223 4146 illa
266 4101 379 4144 res
424 4080 807 4146 statuendae
848 4102 969 4169 per
1020 4090 1294 4166 quatuor
1330 4081 1782 4170 deputationes
1823 4081 2152 4148 discussae
2199 4084 2512 4171 approba-

110 4185 349 4247 bantur
392 4181 523 4245 hoc
564 4180 809 4246 modo:
868 4179 1002 4248 Ubi
1054 4181 1124 4247 in
1168 4182 1365 4248 sacris
1410 4182 1934 4272 deputationibus
1995 4183 2241 4269 aliquid
2290 4205 2509 4250 cense-

112 4285 298 4348 batur
318 4331 340 4365 ,
420 4281 800 4370 praesidens
848 4281 1109 4348 illarum
1153 4283 1426 4368 quisque
1464 4284 1536 4349 in
1575 4307 1692 4350 suo
1738 4292 2062 4351 conventu
2104 4285 2172 4352 id
2217 4285 2514 4352 firmabat

114 4381 209 4446 his
244 4380 514 4447 verbis:
580 4379 659 4446 In
704 4385 964 4450 nomine
1008 4380 1291 4448 Sanctae
1338 4383 1721 4464 Trinitatis,
1768 4383 2032 4463 Patris,
2081 4399 2142 4450 et
2192 4384 2401 4466 Filii,
2453 4400 2513 4452 et

112 4482 409 4569 Spiritus
455 4480 705 4550 Sancti.
748 4482 899 4571 Ego
944 4485 1261 4552 concludo
1311 4488 1381 4550 in
1427 4486 1621 4550 talem
1659 4486 2058 4550 sententiam.
2147 4485 2337 4554 Idem
2386 4486 2498 4552 fie-
