2959 4984
972 363 1246 414 KAROLI
1283 363 1516 414 MAGNI
1556 367 1613 414 A.
1652 360 1775 415 789.
2502 367 2565 422 51

1153 531 1629 587 EPISGOPIS.

338 650 530 715 VHI.
619 648 788 713 Item
829 650 898 714 in
942 651 1173 715 eodem
1217 653 1488 717 concilio
1503 702 1522 734 ,
1564 653 1656 717 ud
1696 653 1778 717 ad
1822 654 2387 741 metropolitanum
2434 653 2568 742 epi-

179 759 474 838 scopum,
537 751 890 835 suffragani
935 752 1223 839 episcopi
1266 752 1649 839 respiciant,
1717 763 1780 816 et
1820 753 1983 817 nihil
2024 775 2231 818 novae
2284 753 2564 818 audeant

179 851 382 915 facere
438 852 509 915 in
564 851 694 915 suis
749 851 1105 938 parrochiis
1152 852 1288 915 sine
1334 841 1723 917 conscientia
1767 862 1833 917 et
1871 853 2137 918 consilio
2182 852 2279 916 sui
2325 863 2560 919 metro·

178 952 459 1037 politani,
506 961 572 1015 et
613 951 1140 1038 metropolitanus
1185 951 1322 1018 sine
1370 975 1596 1017 eorum
1638 952 1925 1017 consilio,

445 1071 611 1125 Cone.
644 1070 906 1124 Antioch.
947 1088 1067 1126 can.
1106 1075 1156 1128 9.
1221 1071 1330 1124 Per
1365 1072 1611 1141 singulas
1664 1071 1981 1142 provincias
2020 1071 2329 1144 Episcopus
2366 1076 2572 1130 consti·

369 1162 526 1212 tutos
563 1158 705 1212 scire
741 1164 966 1228 oportet
997 1160 1336 1229 Episcopum
1372 1161 1867 1230 metropolitanum
1884 1201 1899 1226 ‚
1940 1161 2037 1229 qui
2070 1167 2323 1230 praeest,
2379 1181 2569 1218 curam

375 1251 435 1300 et
468 1247 901 1302 sollicitudinem
929 1249 1104 1302 totius
1143 1249 1462 1318 provinciae
1500 1249 1828 1320 suscepisse.
1887 1248 2127 1319 Propter
2166 1249 2315 1318 quod
2352 1251 2423 1304 ad
2458 1267 2570 1306 me·

373 1335 769 1404 tropolitanam
811 1336 1101 1390 civitatem
1148 1338 1218 1391 ab
1265 1336 1350 1408 liis
1387 1337 1481 1406 qui
1528 1353 1721 1392 causas
1764 1338 2006 1405 habent,
2062 1337 2181 1391 sine
2234 1338 2405 1392 dubio
2442 1355 2572 1392 con-

376 1426 647 1477 curratur.
720 1422 1074 1493 Quapropter
1107 1424 1318 1493 placuit
1353 1442 1479 1478 eum
1518 1429 1575 1479 et
1611 1424 1821 1478 honore
1856 1423 2111 1494 praeire,
2150 1428 2210 1478 et
2247 1425 2387 1478 nihil
2422 1425 2573 1478 ultra

377 1510 494 1563 sine
530 1510 654 1579 ipso
697 1512 942 1581 reliquos
977 1512 1288 1582 Episcopos
1338 1530 1508 1582 agere
1552 1513 1853 1568 secundum
1890 1512 2175 1581 antiquam
2223 1517 2449 1582 patrum
2478 1529 2574 1566 no-

373 1603 632 1664 strorum,
667 1615 806 1666 quae
842 1599 1102 1664 obtinuit,
1143 1601 1392 1670 regulam
1412 1640 1426 1667 ,
1484 1599 1594 1653 nisi
1628 1599 1763 1654 haec
1796 1604 2017 1654 tantum
2052 1616 2191 1668 quae
2228 1599 2570 1654 uniuscuius-

371 1702 475 1753 que
517 1684 802 1739 Ecclesiae
837 1704 939 1754 per
976 1705 1129 1740 suam
1165 1688 1463 1742 dioecesim
1508 1693 1846 1757 competunt.
1927 1686 2385 1756 Unumquemque
2422 1687 2569 1741 enim

369 1772 716 1842 Episcopum
768 1779 994 1843 oportet
1048 1779 1386 1845 potestatem
1433 1776 1640 1830 habere
1694 1793 1831 1830 suae
1886 1775 2155 1829 dioecesis
2192 1775 2265 1828 ad
2298 1775 2441 1829 hanc
2480 1793 2579 1846 gu-

364 1860 711 1914 bernandam
749 1861 1050 1916 secundum
1099 1869 1507 1934 competentem
1556 1865 1661 1918 sibi
1719 1864 2090 1918 reverentiam
2106 1905 2119 1930 ,
2175 1863 2247 1916 ad
2282 1863 2574 1932 providen-

369 1947 501 2002 dum
555 1950 774 2019 regioni
817 1967 956 2020 quae
1006 1952 1197 2005 subest
1244 1950 1417 2021 ipsius
1465 1953 1721 2020 civitati,
1774 1953 1855 2006 ita
1907 1956 1972 2006 ut
2019 1952 2187 2005 etiam
2225 1951 2483 2005 ordinare
2524 1952 2578 2006 ei

366 2036 734 2104 Presbyteros
772 2041 830 2091 et
863 2039 1140 2092 Diaconos
1173 2039 1454 2108 probabili
1490 2040 1701 2094 iudicio
1739 2039 1938 2108 liceat,
1992 2044 2051 2094 et
2086 2039 2155 2093 de
2194 2039 2424 2108 singulis
2461 2055 2576 2092 mo·

369 2123 663 2178 deratione
705 2129 763 2178 et
801 2126 1048 2194 pondere
1085 2127 1416 2197 disceptare.
1488 2127 1651 2182 Ultra
1721 2132 1907 2181 autem
1956 2127 2094 2180 nihil
2142 2127 2419 2196 agendum
2458 2143 2579 2194 per-

368 2211 616 2264 mittitur
655 2213 799 2266 citra
835 2215 1252 2284 metropolitani
1287 2215 1559 2287 Episcopi
1596 2216 2022 2270 conscientiam.

1023 2365 1726 2424 SACERDOTIBUS.

339 2467 458 2532 IX.
543 2468 718 2533 Item
778 2470 846 2534 in
907 2472 1140 2536 eodem
1197 2472 1468 2538 concilio
1487 2521 1507 2555 ,
1576 2472 1771 2538 simul
1832 2481 1899 2536 et
1958 2471 2421 2557 Acyronense,
2502 2478 2576 2534 ut

187 2568 576 2656 corepiscopi
633 2582 1030 2657 cognoscant
1089 2573 1354 2638 modum
1411 2596 1599 2638 suum
1616 2621 1636 2654 ,
1700 2583 1765 2636 et
1807 2572 1969 2637 nihil
2014 2571 2251 2636 faciant
2294 2573 2573 2654 absquae

189 2666 432 2733 licentia
477 2671 766 2760 episcopi
807 2673 877 2737 in
917 2673 1099 2737 cuius
1143 2674 1482 2759 parrochia
1526 2674 1832 2739 habitant.

459 2789 626 2844 Conc.
664 2790 926 2845 Antioch.
980 2808 1096 2844 can.
1145 2792 1228 2845 10.
1310 2789 1416 2858 Qui
1463 2792 1525 2844 in
1574 2791 1757 2844 fundis
1812 2794 1871 2844 et
1918 2790 2063 2844 villis
2114 2789 2407 2845 constituti
2457 2793 2585 2844 sunt

373 2878 806 2948 chorepiscopi,
847 2878 1072 2932 tametsi
1107 2896 1299 2932 manus
1339 2879 1722 2948 impositiones
1758 2880 1830 2933 ab
1862 2878 2155 2948 Episcopis
2194 2881 2577 2947 susceperunt,

374 2970 431 3020 et
482 2970 548 3020 ut
596 2964 868 3034 Episcopi
924 2965 1249 3044 consecrati.
1286 2969 1438 3033 sunt,
1496 2965 1707 3034 placuit
1757 2969 1981 3019 sanctae
2030 2963 2238 3033 synodo
2283 2964 2427 3018 scire
2482 2979 2576 3017 eos

371 3056 635 3122 oportere
671 3052 897 3105 modum
932 3053 1221 3122 proprium
1259 3053 1537 3119 retinere,
1596 3055 1653 3106 et
1688 3053 1998 3122 gubernare
2036 3051 2352 3106 adiacentes
2388 3050 2583 3104 Eccle-

373 3140 482 3192 sias
520 3139 630 3193 sibi
667 3139 984 3194 commissas
1011 3180 1024 3206 ,
1077 3144 1135 3194 et
1183 3157 1301 3194 esse
1346 3143 1642 3198 contentos
1689 3139 1919 3208 propria
1974 3137 2349 3192 sollicitudine
2387 3141 2446 3190 et
2482 3154 2580 3206 gu-

370 3226 703 3281 bernatione
761 3243 927 3293 quam
983 3230 1363 3296 susceperunt.
1450 3225 1809 3279 Constituere·
1850 3229 2037 3278 autem
2082 3224 2169 3276 his
2239 3222 2587 3293 permittitur

373 3315 638 3369 Lectores
679 3318 736 3367 et
772 3314 1149 3368 Subdiaconos
1189 3319 1246 3367 et
1279 3313 1632 3379 Exorcistas,
1671 3313 1869 3381 quibus
1906 3311 2146 3366 sufficiat
2188 3312 2428 3365 istorum
2461 3315 2581 3363 tan·

365 3406 488 3456 tum
522 3401 797 3472 graduum
827 3402 1116 3455 licentiam
1150 3401 1445 3470 accepisse.
1482 3399 1610 3454 Non
1647 3405 1833 3454 autem
1852 3399 2263 3468 Presbyterum,
2316 3417 2428 3454 non
2451 3397 2582 3450 Dia-

373 3507 577 3544 conum
614 3489 858 3542 audeant
891 3489 1148 3543 ordinare
1187 3492 1413 3558 praeter
1455 3487 1854 3541 conscientiam
1885 3486 2154 3557 Episcopi
2193 3487 2454 3552 civitatiS,
2497 3485 2584 3539 vel

371 3577 659 3632 Ecclesiae
697 3577 788 3631 cui
827 3575 1083 3632 adiacens
1127 3577 1440 3642 invenitur,
1494 3593 1591 3629 seu
1634 3575 1752 3645 ipse
1770 3619 1784 3642 ,
1848 3593 1944 3628 seu
1979 3575 2135 3644 regio
2174 3574 2235 3627 in
2284 3591 2393 3641 qua
2426 3589 2584 3642 prae-

375 3681 494 3719 esse
533 3665 860 3718 dinoscitur.
917 3663 1078 3731 Quod
1115 3665 1161 3718 si
1196 3663 1572 3734 praevaricari
1607 3681 1769 3716 ausus
1801 3660 1970 3716 fuerit
2008 3661 2330 3726 constituta,
2379 3658 2586 3726 deponi

373 3770 498 3808 eum
541 3759 599 3807 et
636 3752 912 3821 dignitate
966 3769 1073 3821 qua
1106 3753 1392 3821 praeditus
1431 3755 1520 3804 est
1558 3751 1763 3804 debere
1808 3749 2036 3818 privari.
2143 3745 2583 3814 Chorepiscopus

375 3846 563 3896 autem
599 3842 670 3895 ab
707 3839 987 3910 Episcopo
1026 3841 1271 3894 civitatis
1312 3838 1406 3891 vel
1441 3838 1569 3906 loci,
1613 3838 1703 3892 cui
1732 3837 1965 3902 adiacet,
2004 3833 2344 3889 ordinandus
2384 3837 2485 3887 est.

447 3937 614 3992 Conc.
657 3935 860 4004 Ancyr.
903 3953 1022 3990 can.
1061 3939 1144 3990 13.
1212 3934 1449 3989 Vicat-iis
1487 3934 1896 4002 Episcoporum
1919 3975 1931 3996 ‚
1996 3948 2131 4000 quos
2170 3929 2367 3983 Graeci
2406 3929 2577 3982 Chor-

379 4027 668 4096 episcopos
707 4025 918 4092 dicunt,
951 4042 1065 4078 non
1099 4023 1268 4078 licere
1304 4023 1669 4091 Presbyteros
1706 4023 1794 4076 vel
1833 4021 2110 4075 Diaconos
2152 4016 2447 4084 ordinare3
2486 4015 2582 4068 sed

378 4131 482 4168 nec
528 4113 879 4181 Presbyteris
927 4112 1170 4166 civitatis
1221 4111 1336 4165 sine
1387 4109 1656 4180 Episcopi
1716 4111 2017 4179 praecepto
2076 4105 2311 4176 amplius
2375 4103 2585 4172 aliquid

376 4205 569 4259 iubere
596 4245 609 4273 ,
657 4201 747 4256 vel
801 4203 918 4255 sine
956 4201 1292 4255 auctoritate
1331 4201 1653 4271 ‘litterarum
1691 4199 1808 4252 eius
1856 4198 1914 4250 in
1950 4210 2277 4264 unaquaque
2314 4191 2581 4262 parochia

381 4291 588 4362 aliquid
629 4307 813 4361 agere.

1093 4407 1272 4466 OMN
1287 4409 1314 4464 Ι
1367 4411 1408 4466 C
1423 4409 1468 4464 L
1487 4407 1536 4464 E
1556 4409 1607 4462 R
1623 4408 1686 4462 Ο.

355 4533 435 4602 Χ.
519 4535 691 4602 Item
745 4536 814 4600 in
875 4535 1108 4600 eodem
1154 4533 1460 4614 concili0,
1527 4540 1598 4594 ut
1642 4528 1983 4614 episcopus
2026 4523 2135 4586 vel
2180 4521 2453 4607 quilibet
2498 4541 2583 4584 ex
