2959 4984
406 260 515 318 576
764 263 877 316 XO.
948 263 1203 318 CONST.
1242 261 1343 316 DE
1380 259 1676 316 mmmm
1717 261 2120 315 ua‘rnmou.
2159 267 2221 314 A.
2263 259 2419 316 1741.

574 425 709 491 Pro
750 433 929 490 certo
973 423 1231 506 habete,
1272 421 1415 490 Nos
1456 423 1896 510 paratissimos
1941 445 2084 488 esse
2127 422 2212 489 ad
2255 445 2332 488 ea
2357 423 2574 490 omnia
2593 424 2798 490 liben-

408 523 657 591 tissime
698 523 975 610 agenda,
1025 543 1191 608 quae
1238 523 1325 588 ad
1366 525 1683 611 majorem
1726 522 2034 590 Vestram
2077 547 2155 588 ac
2197 523 2615 590 Dioecesium
2655 547 2800 590 ves-

405 631 653 689 trarum
692 623 1039 689 utilitatem
1080 624 1560 710 procurandam
1601 623 1972 710 conducere
2013 645 2208 713 posse
2250 625 2640 690 noverimus.
2693 625 2801 690 In·-

404 723 599 788 terim
639 745 797 788 vero
842 723 1223 790 coelestium
1262 745 1611 790 munerum
1638 725 1988 810 auspicem,
2035 747 2114 789 ac
2139 724 2642 791 studiosissimae
2669 725 2803 792 No-

404 829 577 888 strae
620 821 691 888 in
729 820 871 888 Vos
913 822 1267 888 voluntatis
1314 832 1552 889 testem
1591 823 1866 910 accipite
1905 823 2358 912 Apostolicam
2387 823 2804 892 Benedictio·

404 943 579 1009 nem,
623 943 817 1008 quam
856 921 1085 988 intimo
1126 922 1345 988 cordis
1386 923 1626 988 affectu
1646 923 1858 988 Vobis
1879 923 2040 1010 ipsis
2060 923 2494 990 Venerabiles
2517 921 2800 1008 Fratres,

412 1022 795 1108 cunctisque
843 1021 1117 1088 Clericis
1131 1071 1152 1106 ,
1218 1022 1566 1109 Laicisque
1607 1024 1914 1090 fidelibus
1955 1025 2270 1110 cujusque
2308 1035 2596 1092 vestrum
2637 1025 2802 1112 vigi-

405 1122 645 1190 lantiae
686 1122 1041 1188 commissis
1086 1124 1525 1190 amantissime
1565 1125 1994 1212 impertimur.

571 1221 819 1289 Datum
876 1221 1123 1288 Romae
1176 1222 1353 1309 apud
1396 1221 1708 1290 Sanctum
1746 1223 2016 1289 Petrum
2083 1223 2190 1289 die
2228 1225 2356 1292 III.
2399 1224 2558 1290 Maii
2608 1223 2804 1290 Anno

408 1320 977 1392 MDGOOLVIII.
1018 1321 1437 1390 Pontificatus
1482 1323 1710 1390 Nostri
1753 1324 1950 1390 Anno
1993 1324 2430 1391 Duodecimo.

1188 1741 1281 1833 F)
1338 1741 1457 1817 Ius
1509 1743 2028 1817 matrimoniale.

406 2027 555 2096 XO.
637 2029 1095 2096 Benedicti
1134 2029 1323 2096 XIV.
1380 2029 1896 2096 constitutio
1933 2029 2042 2094 III
2081 2051 2266 2096 non.
2307 2028 2795 2096 novembris

408 2129 567 2195 1741
611 2128 801 2195 data
846 2129 948 2196 de
992 2129 1291 2196 ordine
1352 2129 1878 2195 iudiciorum
1934 2130 2018 2195 in
2065 2130 2346 2195 causis
2397 2130 2796 2199 matrimo-

1406 2231 1804 2298 nialibus.

725 2381 1127 2448 Benedictus
1166 2381 1556 2470 Episcopus,
1599 2379 1848 2448 Servus
1891 2380 2248 2450 Servorum
2285 2381 2438 2451 Dei.

1014 2499 1131 2568 Ad
1170 2498 1568 2588 Perpetuam
1601 2499 1724 2566 Rei
1766 2497 2170 2564 Memoriam.

566 2616 701 2684 Dei
743 2617 1155 2684 miseratione
1168 2667 1189 2701 ‚
1250 2618 1435 2702 cujus
1467 2615 1718 2702 judicia
1753 2614 2437 2704 incomprehensibilia
2482 2624 2632 2685 sunt
2655 2665 2674 2698 ,
2729 2621 2788 2677 et

406 2717 552 2783 viae
596 2716 1085 2805 investigabiles
1104 2767 1125 2802 ,
1182 2717 1252 2782 in
1310 2737 1620 2804 suprema
1679 2715 2020 2782 Ecclesiae
2073 2715 2340 2804 specula
2383 2716 2786 2782 immerentes

404 2816 751 2897 constituti,
792 2827 865 2882 ut
906 2837 1103 2904 super
1142 2815 1520 2882 universum
1561 2815 1982 2882 Dominicum
2029 2835 2312 2902 gregem
2351 2815 2658 2880 excubias
2695 2835 2783 2878 se-

402 2912 557 2979 dulo
600 2937 867 3000 agamus
884 2964 903 2997 ,
964 2915 1048 2980 ad
1090 2915 1508 2984 commissum
1554 2915 1906 2981 Pastoralis
1951 2914 2148 2980 officii
2193 2937 2428 2980 munus
2467 2915 2784 3004 pertinere

402 3013 843 3100 dignoscimus
868 3065 889 3099 ,
928 3017 1389 3080 subnascentes
1432 3037 1522 3080 ex
1557 3015 1893 3082 infernalis
1937 3014 2142 3098 bostis
2183 3014 2416 3082 astutia
2429 3064 2450 3099 ,
2491 3023 2558 3079 et
2598 3011 2784 3078 homi·

404 3137 561 3182 num
603 3115 848 3180 malitia
868 3165 889 3200 ,
953 3115 1191 3180 abusus
1216 3163 1235 3196 ‚
1298 3116 1532 3200 quibus
1575 3125 1644 3180 et
1681 3115 2040 3180 animarum
2087 3114 2278 3180 saluti
2316 3113 2640 3206 pernicies
2662 3165 2681 3198 ‚
2727 3119 2784 3176 et

403 3214 841 3284 sacramentis
882 3214 1217 3281 Ecclesiae
1256 3216 1496 3302 injuria
1535 3216 1834 3300 infermv,
1875 3214 2182 3282 radicitus
2227 3216 2536 3300 evellere,
2583 3221 2652 3278 et
2674 3207 2781 3300 'po-

403 3314 655 3383 testatis
698 3315 905 3384 Nobis
960 3316 1242 3404 desuper
1296 3316 1574 3383 traditae
1631 3337 1902 3404 operam
1942 3315 2393 3402 interponere,
2459 3325 2536 3380 ut
2581 3324 2646 3380 et
2679 3313 2782 3377 hu-

399 3435 591 3480 mana
632 3415 1013 3484 cohibeatur
1052 3415 1420 3499 temeritas,
1482 3427 1552 3482 et
1585 3415 1962 3482 veneranda
2005 3415 2288 3481 Divinae
2331 3413 2538 3500 Legis
2583 3434 2782 3479 serve-

402 3523 511 3580 tur
550 3515 915 3582 auctoritas.

566 3617 625 3698 §.
674 3617 729 3682 1.
816 3614 1158 3700 Siquidem
1200 3614 1598 3682 Matrimonii
1640 3616 1872 3682 foedus
1913 3641 1952 3681 a
1991 3617 2140 3683 Deo
2175 3615 2563 3697 institutum,
2605 3611 2782 3699 quod,

404 3727 471 3784 et
513 3726 829 3802 quatenus
870 3725 1139 3781 naturae
1182 3715 1473 3782 officium
1513 3725 1646 3802 est,
1705 3739 1826 3805 pro
1875 3717 2254 3782 educandae
2305 3715 2510 3802 prolis
2565 3704 2782 3796 studio,

401 3816 673 3902 aliisque
714 3815 1107 3882 Matrimonii
1162 3815 1351 3884 bonis
1416 3818 1752 3884 servandis
1772 3867 1793 3900 ,
1847 3825 2274 3906 perpetuum,
2345 3825 2414 3882 et
2451 3814 2780 3882 indissolu-

400 3915 533 3982 bile
584 3937 727 3982 esse
768 3915 1112 3998 convenit3
1162 3925 1228 3982 et
1270 3925 1587 4000 quatenus
1633 3927 1734 3982 est
1769 3916 2145 3984 Catholicae
2191 3915 2524 3982 Ecclesiae
2573 3914 2782 3983 Sacra-

404 4027 693 4084 mentum
716 4067 737 4102 ,
792 4017 1079 4081 humana
1122 4016 1648 4104 praesumptione
1692 4017 1962 4082 dissolvi
2005 4039 2138 4082 non
2182 4037 2376 4105 posse
2403 4064 2422 4096 ,
2495 4012 2781 4080 Salvator

403 4116 545 4203 ipse
588 4139 706 4184 ore.
748 4139 867 4182 suo
909 4116 1365 4205 pronunciavit
1378 4166 1398 4202 ,
1444 4116 1698 4182 dicens:
1741 4117 1940 4200 Quod
1977 4118 2161 4186 Deus
2203 4112 2564 4202 conjunxit,
2602 4113 2782 4180 homo

410 4235 545 4280 non
588 4225 891 4304 separet:
959 4215 1043 4281 ad
1086 4237 1274 4282 aures
1320 4216 1750 4306 Apostolatus
1789 4217 1992 4282 nostri
2027 4214 2329 4304 pervenit
2354 4265 2375 4300 ‚
2433 4214 2505 4282 in
2543 4215 2782 4300 quibus·

406 4314 555 4380 dam
597 4315 1073 4382 Ecclesiasticis
1119 4314 1331 4382 Curiis
1372 4317 1742 4384 inconsulta
1781 4317 1972 4383 nimis
1993 4316 2306 4384 Judicum
2349 4314 2660 4382 facilitate
2698 4316 2780 4381 in-

406 4412 609 4496 fringi
621 4459 643 4494 ,
704 4422 771 4478 et
796 4422 1053 4480 ‘temere
1066 4463 1090 4498 ,
1162 4425 1357 4498 atque
1402 4417 1880 4484 inconsiderate
1921 4416 2011 4483 de
2046 4414 2432 4482 eorumdem
2467 4415 2780 4484 Mau-imo-
