2959 4984
387 302 460 357 88
764 302 907 351 xm.
985 300 1466 356 CONCORDATA
1504 296 2125 351 CONSTANTIENSIA
2157 297 2223 347 A.
2264 292 2423 349 1418.

555 468 644 533 Π.
732 465 836 530 De
891 454 1266 551 promisioo'ze
1311 463 1760 527 Ecclesiarum
1780 510 1799 542 ,
1876 460 2453 543 Monaeteriorum,
2516 462 2797 527 Priora—

401 584 582 633 tuwm
596 614 617 647 ,
665 568 1056 653 diqnitatum
1098 578 1158 629 et
1202 565 1485 629 aliorum
1528 563 1997 646 beneficiorum.
2064 560 2523 629 Sanctissimus
2565 565 2798 629 Domi-

393 691 516 731 nus
560 676 783 731 noster
822 665 1000 753 Papa
1041 664 1355 730 Martinus
1406 664 1491 727 V.
1560 685 1757 750 super
1800 662 2277 750 provisionibus
2326 663 2795 748 Ecclesiamm,

399 767 975 846 Monasteriorum,
1046 763 1513 832 beneficiorum
1560 784 2091 847 quorumcunque
2150 772 2367 829 utetur
2407 766 2798 830 reservatio-

398 867 586 933 nibus
631 866 798 931 Iuris
843 864 1083 952 scripti,
1132 874 1196 928 et
1244 862 1737 928 Constitutionis
1776 862 2180 928 Execrabilis
2228 872 2295 926 et
2330 863 2415 927 ad
2446 865 2800 950 Regimen,

404 967 829 1048 modificatae,
872 974 946 1029 ut
984 964 1299 1049 sequitur.
1343 963 1462 1027 Ad·
1502 962 1803 1047 regimen
1833 961 2163 1027 Ecclesiae
2206 964 2553 1048 generaIiS,
2598 987 2799 1049 quan—

405 1088 598 1150 quam
638 1065 942 1130 immeriti
988 1085 1290 1151 suprema
1331 1062 1756 1149 dispositione
1798 1062 2048 1144 vocati,
2113 1063 2407 1147 gerimus
2446 1064 2517 1127 in
2556 1065 2801 1130 nostris

405 1167 787 1248 desideriis,
849 1174 923 1229 ut
963 1166 1278 1229 debemus
1304 1212 1323 1245 ,
1395 1162 1572 1247 quod
1624 1185 1745 1251 per
1790 1172 2047 1227 nostrae
2090 1162 2467 1249 diligentiae
2512 1163 2805 1229 studium

404 1268 490 1333 ad
527 1266 964 1351 quarumlibet
1007 1263 1444 1329 Ecclesiarum
1495 1272 1561 1326 et
1606 1262 2149 1328 Monasteriorum
2188 1262 2529 1347 regimina,
2570 1273 2640 1327 et
2680 1264 2806 1328 alia

407 1367 840 1432 ecclesiastica
906 1364 1218 1431 beneficia
1275 1363 1456 1427 iuxta
1519 1362 1811 1427 divinum
1875 1362 2349 1451 beneplacitum
2414 1372 2479 1427 et
2540 1374 2806 1429 nostrae

405 1466 776 1532 intentionis
821 1466 1144 1546 affectum,
1185 1464 1308 1529 viri
1345 1472 1751 1528 assumantur
1790 1463 2031 1544 idonei,
2076 1463 2187 1547 qui
2228 1464 2519 1551 praesint
2546 1474 2613 1528 et
2652 1487 2802 1551 pro-

407 1568 535 1631 sint
579 1565 1053 1631 committendis
1099 1564 1191 1629 eis
1231 1562 1541 1629 Ecclesiis
1557 1612 1577 1645 ,
1633 1563 2044 1628 Monasteriis
2089 1572 2155 1627 et
2192 1562 2527 1628 benefieiis
2569 1564 2807 1649 praeli-

409 1667 591 1733 batis.
634 1664 1146 1729 Praemissorum
1187 1685 1464 1746 namque
1510 1663 2025 1730 consideratione
2070 1662 2319 1727 inducti
2340 1712 2359 1745 ,
2420 1672 2485 1727 et
2528 1663 2805 1728 suaden-

412 1768 581 1833 tibus
623 1766 810 1830 nobis
870 1764 1012 1829 aliis
1071 1762 1557 1829 rationabilibus
1602 1762 1806 1827 causis
1826 1811 1847 1845 ,
1916 1764 2377 1829 nonnullorum
2418 1764 2807 1850 praedeces-

409 1890 628 1932 sorum
671 1875 1040 1931 nostrorum
1083 1864 1523 1929 Romanorum
1569 1862 1959 1927 Pontificum
2018 1863 2312 1949 vestigiis
2370 1864 2808 1947 inhaerenteS,

413 1987 638 2031 omnes
681 1964 1159 2052 patriarchales,
1201 1963 1802 2052 archiepiscopales,
1848 1963 2245 2050 episcopales
2274 1962 2624 2045 Ecclesias,
2669 1964 2807 2029 Mo—

411 2065 726 2146 nasteria,
787 2064 1118 2129 Prioratus
1139 2111 1158 2145 ,
1224 2064 1605 2149 dignitates,
1665 2070 2045 2151 personatus
2092 2072 2159 2127 et
2201 2062 2413 2128 officia
2434 2112 2455 2145 ,
2512 2085 2639 2129 nec
2678 2088 2811 2130 non

419 2166 844 2233 Canonicatus
911 2173 978 2229 et
1043 2164 1456 2228 Praebendas
1502 2186 1576 2228 ac
1618 2163 1943 2229 Ecclesias
1971 2212 1991 2245 ,
2066 2172 2447 2249 caeteraque
2490 2165 2811 2229 beneficia

420 2258 850 2330 ecclesiastica
877 2313 897 2346 ,
963 2287 1110 2329 cum
1171 2287 1322 2329 cura
1383 2264 1492 2327 vel
1541 2264 1679 2327 sine
1726 2286 1879 2329 cura
1901 2312 1921 2345 ,
1985 2263 2311 2349 regularia
2368 2272 2435 2327 et
2479 2265 2810 2347 secularia,

415 2387 854 2450 quaecumque
901 2374 961 2429 ct
1021 2364 1509 2448 qualiacumque
1564 2364 1809 2428 fuerint
1828 2413 1849 2446 ,
1912 2363 2161 2428 etiamsi
2212 2363 2297 2427 ad
2332 2363 2447 2427 illa
2489 2386 2809 2451 personae

417 2464 910 2547 consueverint,
957 2486 1071 2529 seu
1107 2463 1450 2530 debuerint
1486 2485 1609 2551 per
1650 2463 2033 2529 electionem
2051 2513 2070 2546 ,
2116 2486 2232 2530 seu
2278 2464 2569 2548 quemvis
2610 2466 2811 2530 alium

417 2565 682 2629 modum
740 2564 1016 2645 assumi,
1116 2572 1269 2627 tunc
1341 2563 1513 2651 apud
1594 2563 1821 2627 sedem
1886 2556 2329 2649 Apostolicam
2402 2588 2811 2652 quocumque
2900 2620 2909 2628 .

417 2664 612 2729 modo
654 2664 961 2745 vacantia,
988 2672 1112 2727 'aut
1151 2664 1218 2727 in
1257 2673 1593 2751 posterum
1633 2673 1950 2748 vacatura,
1990 2687 2112 2729 nec
2150 2688 2279 2730 non
2310 2688 2429 2753 per
2462 2666 2811 2755 depositio-

416 2786 566 2829 nem
607 2764 717 2825 vel
758 2762 1184 2849 privationem
1204 2811 1224 2845 ,
1271 2785 1384 2827 seu
1421 2764 1913 2829 ‘translationem
1950 2786 2074 2853 per
2114 2787 2235 2830 nos
2280 2787 2397 2829 seu
2438 2767 2815 2831 auctoritate

418 2870 637 2926 nostra
679 2861 874 2925 factas
893 2910 913 2943 ‚
982 2871 1047 2926 et
1088 2862 1155 2926 in
1201 2871 1390 2927 antea
1423 2863 1750 2929 faciendas
1794 2865 2110 2947 ubilibet,
2182 2886 2305 2930 nec
2344 2888 2479 2931 non
2522 2865 2604 2929 ad
2646 2888 2811 2951 quae

419 2960 618 3044 aliqui
679 2961 748 3025 in
815 2961 1160 3027 concordia
1227 2984 1342 3029 seu
1405 2962 1729 3029 discordia
1788 2966 1975 3029 electi
2036 2966 2143 3030 vel
2206 2965 2511 3053 postulati
2550 2966 2815 3049 fuerint,

423 3083 698 3145 quorum
737 3061 966 3127 electio
1011 3072 1268 3145 cassata,
1311 3084 1425 3127 seu
1469 3064 1816 3151 postulatio
1858 3065 2136 3153 repulsa,
2178 3066 2286 3131 vel
2327 3088 2447 3153 per
2492 3088 2605 3131 eos
2646 3068 2814 3131 facta

421 3160 806 3227 renuntiatio
851 3170 918 3225 et
958 3162 1236 3227 admissa
1276 3164 1653 3229 auctoritate
1696 3174 1917 3231 nostra
1978 3166 2267 3231 extiterit
2288 3216 2307 3249 ,
2380 3188 2497 3231 seu
2542 3190 2821 3251 quorum

425 3262 778 3325 electorum
815 3263 923 3326 vel
964 3264 1472 3348 postulatorum,
1553 3273 1618 3331 et
1675 3265 1743 3329 in
1783 3274 1971 3330 antea
2011 3265 2467 3352 eligendorum
2523 3290 2641 3332 seu
2700 3292 2820 3357 po-

427 3361 869 3427 stulandorum
913 3363 1298 3428 electionem
1351 3365 1586 3429 cassari
1643 3366 1753 3429 vel
1802 3366 2304 3453 postulationem
2367 3369 2643 3455 repelli,
2710 3380 2822 3434 aut

428 3461 970 3526 renuntiationem
1010 3462 1258 3526 admitti
1299 3485 1419 3552 per
1461 3489 1581 3530 nos
1625 3488 1741 3531 seu
1786 3467 2163 3532 auctoritate
2224 3477 2443 3532 nostra
2488 3468 2827 3553 continget

429 3561 603 3650 apud
662 3561 886 3625 sedem
955 3562 1382 3649 praedictam,
1446 3566 1554 3629 vel
1610 3566 1761 3631 alibi
1823 3568 2230 3652 ubicunque,
2313 3576 2379 3631 et
2442 3569 2631 3633 etiam
2704 3590 2825 3656 per

433 3662 678 3727 obitum
755 3660 1198 3727 Cardinalium
1255 3662 1549 3728 eiusdem
1590 3664 1923 3731 Ecclesiae
1968 3668 2299 3733 Romanae
2352 3693 2426 3734 ac
2484 3668 2827 3733 officiario—

427 3787 572 3827 rum
611 3762 818 3827 (lictae
863 3761 1059 3843 sedis,
1109 3784 1300 3846 quam
1338 3762 1449 3827 diu
1493 3763 1634 3851 ipsa
1680 3766 1893 3830 officia
1916 3767 2249 3833 actualiter
2282 3772 2691 3851 tenebuntur,
2732 3769 2826 3834 vi—

434 3862 672 3927 delicet
715 3861 1268 3944 Vicecancellarii,
1319 3862 1669 3929 Camerarii
1686 3913 1707 3947 ,
1752 3875 2001 3953 septem
2044 3867 2503 3953 Notariorum,
2548 3870 2827 3935 Audito-

429 3986 576 4027 rum
640 3962 971 4029 literarum
1032 3962 1612 4047 contradictarum,
1682 3974 1749 4029 et
1791 3965 2159 4053 Apostolici
2198 3970 2429 4035 Palatii
2490 3992 2829 4037 causarum

429 4062 862 4143 Auditorum,
908 4072 1377 4146 correctorum,
1426 4074 1685 4129 centum
1728 4074 1794 4130 et
1833 4068 2024 4131 unius
2066 4069 2453 4157 scriptorum
2494 4071 2831 4136 literarum

429 4162 974 4249 Apostolicarum,
1021 4171 1086 4227 et
1107 4162 1342 4229 XXIV
1385 4165 1915 4251 poenitentiariae
1940 4169 2267 4255 praefatae
2299 4170 2492 4254 sediS,
2540 4179 2608 4236 et
2628 4170 2831 4236 XXV

429 4262 945 4328 abbreviatorum
967 4312 987 4345 ,
1048 4285 1172 4327 nec
1209 4285 1340 4328 non
1381 4285 1687 4329 verorum
1732 4269 2259 4334 commensalium
2296 4280 2702 4355 nostrorum,
2768 4279 2837 4337 et

429 4360 701 4427 aliorum
749 4362 945 4427 XXV
992 4362 1493 4450 Capellanorum
1552 4364 1726 4430 sedis
1788 4368 2081 4433 eiusdem
2133 4369 2203 4434 in
2261 4371 2521 4459 pittacio
2586 4372 2833 4439 descri-

432 4468 692 4547 ptorum
710 4508 729 4541 ,
795 4484 870 4525 ac
927 4462 1118 4527 etiam
1186 4484 1715 4551 quorumcunque
1756 4466 2153 4557 Legatorum
2208 4493 2327 4537 seu
2368 4470 2835 4558 Collectorum‚
