2959 4984
415 329 494 384 IV
583 327 688 382 EX
727 274 947 380 IIIBRO
983 319 1261 378 DIURNO
1295 319 1767 376 ROMANORUM
1806 315 2269 373 PONTIFICUM.
2450 319 2519 376 15

157 497 401 582 positum
443 491 848 558 documentis
889 490 1185 578 pluribus
1225 507 1670 574 agnoscamuS,
1715 487 1867 550 totis
1912 485 2159 551 nisibus
2204 485 2519 574 spirituali

157 596 312 660 matri
373 594 526 658 huie
584 600 1024 657 sacrosanctae
1084 589 1507 678 Apostolicae
1558 589 1687 652 Dei
1744 585 2077 651 Ecclesiae
2138 587 2517 654 utilitatibus

156 697 220 762 ad
257 693 764 761 eonem-rendum
809 691 1155 777 suffragari
1171 715 1191 755 τ
1251 691 1539 754 fraterna
1597 697 1815 753 tamen
1872 687 2217 752 dulcedine
2278 688 2519 754 hortari

154 803 316 879 atque
369 815 641 882 poscere
659 844 678 878 ,
743 815 1106 877 congruum
1163 790 1503 874 duximus,
1566 798 1641 854 ut
1702 789 2233 854 convenientibus
2292 789 2521 854 harum

153 895 544 980 portitoribus
584 894 690 959 Ill.
731 902 799 958 et
837 893 942 956 Ill.
1005 913 1170 978 quos
1225 913 1370 956 cum
1427 888 1857 954 decretalibus
1899 887 2156 975 paginis
2178 936 2197 972 ,
2265 899 2333 953 et
2376 910 2520 954 cum

153 993 412 1080 impensa
457 993 962 1082 supplicatione,
1005 1013 1126 1080 pro
1179 991 1379 1056 celeri
1423 989 1829 1078 promotione
1876 989 2147 1053 oratoris
2186 990 2405 1072 vestri,
2446 1011 2520 1054 ac

151 1095 454 1177 amatoris,
499 1093 769 1158 Domini
813 1093 1016 1157 nostri
1062 1092 1167 1157 Ill.
1211 1089 1674 1156 Archidiaconi
1720 1099 1787 1153 et
1824 1089 2067 1172 Electi,
2114 1089 2287 1176 apud
2330 1111 2515 1178 prae-

151 1193 369 1258 celsum
421 1201 487 1258 et
548 1217 588 1258 a
629 1195 778 1258 Deo
835 1200 1159 1256 servatum
1203 1191 1561 1256 Dominum
1604 1187 1977 1253 Exarchum
2038 1187 2517 1272 destinavimuS,

152 1317 278 1357 cum
317 1294 406 1358 eis
449 1295 822 1376 conveniat,
865 1302 931 1357 et
969 1293 1052 1357 ad
1095 1291 1493 1380 precandum
1534 1291 1683 1354 Deo
1730 1289 1965 1376 optatis
2016 1289 2185 1376 apud
2236 1290 2521 1354 denomi-

151 1401 346 1458 natum
405 1394 759 1459 Dominum
821 1393 1192 1458 Exarchum
1250 1392 1628 1457 subveniat:
1694 1400 1769 1454 ut
1824 1412 1969 1454 cum
2032 1389 2263 1455 effectu
2283 1439 2303 1474 ,
2376 1391 2523 1456 Deo

149 1495 440 1580 propitio,
483 1494 613 1577 eis,
663 1494 772 1579 qui
813 1494 991 1558 missi
1034 1502 1214 1575 sunt,
1260 1493 1718 1575 remeantibuS,
1762 1499 1827 1555 et
1872 1491 1955 1554 de
2000 1499 2253 1554 vestrae
2298 1515 2335 1554 a
2375 1491 2522 1556 Deo

151 1603 416 1658 servatae
473 1594 882 1660 Eminentiae
943 1594 1230 1659 bonitate
1279 1615 1594 1680 prospera
1634 1595 1923 1680 praefato
1974 1592 2259 1661 Domino
2304 1601 2525 1658 nostro

151 1691 356 1758 Electo
389 1693 847 1776 nuntiantibuS,
887 1714 1020 1758 non
1063 1693 1270 1757 solum
1301 1692 1697 1757 affectiorem
1743 1693 1881 1758 eius
1906 1692 2323 1759 Sanctitatem
2370 1715 2527 1779 erga

149 1802 399 1857 vestram
442 1793 876 1858 Eminentiam
937 1793 1258 1876 efficiant3
1303 1813 1534 1858 verum
1578 1801 1644 1856 et
1686 1794 1836 1858 boni
1882 1794 2219 1859 ministerii
2276 1815 2523 1858 merces

149 1901 322 1976 atque
368 1892 746 1958 vicissitudo
785 1894 866 1958 ab
906 1893 1048 1980 ipso
1088 1892 1561 1980 Apostolorum
1606 1892 1947 1980 Principe,
2009 1893 2110 1958 cui
2157 1894 2523 1982 specialiter

151 1993 503 2056 concurritis
513 2041 536 2074 ,
581 1999 650 2054 et
688 1991 756 2056 in
798 1992 1124 2079 praesenti
1173 1991 1304 2055 vita
1345 1991 1849 2078 multiplicetur,
1894 2001 1963 2056 et
2002 1992 2069 2056 in
2115 1995 2339 2079 regnis
2384 2015 2525 2058 cae-

148 2091 392 2157 lestibus
434 2091 850 2178 rependatur.

1093 2207 1350 2274 Titulus
1387 2207 1545 2274 VII.

335 2323 433 2390 De
480 2325 791 2390 electione
837 2325 1178 2410 Pont‘aeflczls
1224 2325 1316 2389 ad
1357 2325 1886 2412 Apocrisiarz'um
1931 2325 2294 2390 Ravennae.

293 2457 980 2548 SuperscriptiO.
1064 2459 1509 2525 Dilectissimo
1571 2459 1789 2542 fratri,
1861 2459 1966 2526 Ill.
2008 2461 2405 2546 Presbytero
2456 2469 2523 2526 et

149 2555 590 2642 ApocrisiariO,
633 2559 740 2624 Ill.
782 2558 1340 2645 Archipresbyter
1381 2557 1489 2623 Ill.
1530 2558 2079 2642 ArchidiaconuS,
2127 2569 2193 2624 et
2233 2559 2340 2624 Ill.
2380 2561 2521 2624 Pri·

149 2655 422 2722 micetius
463 2657 902 2740 Notariorum,
941 2667 1272 2722 servantes
1307 2658 1526 2723 locum
1564 2667 1819 2724 sanctae
1860 2659 2035 2724 sedis
2082 2660 2520 2748 Apostolicae.

293 2757 559 2822 Dudum
620 2758 1102 2823 dilectissimam
1149 2758 1619 2822 fraternitatem
1660 2767 1940 2822 vestram
1982 2759 2224 2824 obitum
2268 2768 2524 2824 sanctae

151 2857 474 2922 memoriae
511 2857 780 2923 Domini
809 2857 914 2922 Ill.
958 2858 1303 2944 agnovisse
1330 2857 1686 2941 Pontificis,
1728 2859 1879 2924 satis
1922 2859 2190 2925 scimus:
2234 2861 2333 2925 cui
2376 2869 2527 2947 post

153 2957 498 3042 transitum,
557 2967 632 3022 ut
672 2957 868 3022 moris
913 2967 1044 3041 est,
1089 2957 1195 3022 die
1238 2957 1426 3022 tertia
1469 2957 2001 3022 convenientibus
2043 2959 2228 3024 nobis
2239 3007 2261 3042 ,
2301 2959 2369 3024 id
2410 2968 2527 3042 est,

154 3051 362 3140 Clero,
427 3056 857 3122 Axiomaticis
901 3057 1131 3140 etiam,
1177 3066 1243 3120 et
1289 3056 1615 3143 generalis
1656 3057 1923 3122 militiae
1963 3081 2037 3122 ac
2080 3059 2315 3124 civium
2359 3059 2519 3126 Uni-

151 3156 450 3241 versitate,
493 3157 563 3222 in
600 3179 946 3248 personam
983 3157 1250 3223 Domini
1291 3157 1396 3222 Ill.
1444 3156 1825 3222 sanctissimi
1866 3157 2349 3243 Archidiaconi,
2392 3159 2522 3225 Dei

151 3256 338 3337 gratia
391 3258 788 3343 suffragante
809 3306 868 3340 ,Ι
913 3257 1248 3322 electionis
1304 3265 1456 3322 vota
1516 3257 1863 3324 contulisse
1923 3281 2043 3325 nos
2054 3307 2075 3341 ,
2142 3259 2520 3330 indicamus.

157 3349 337 3420 Cuius
389 3367 456 3422 et
510 3358 804 3423 solemne
849 3357 1184 3422 decretum
1227 3356 1535 3422 facientes
1582 3357 2051 3445 subscriptione
2097 3359 2381 3423 omnium
2420 3382 2523 3424 ro-

155 3453 426 3521 boratum
469 3455 782 3520 eximium
823 3464 890 3519 et
933 3480 972 3520 a
1013 3456 1163 3520 Deo
1208 3463 1528 3521 servatum
1572 3456 1928 3521 Dominum
1973 3455 2363 3542 Exarchum,
2404 3481 2526 3546 per

157 3552 363 3622 harum
403 3557 756 3647 portitores
799 3555 904 3620 Ill.
947 3566 1013 3622 et
1055 3556 1160 3622 Ill.
1203 3556 1561 3622 direximus
1580 3605 1599 3640 ,
1646 3579 1792 3622 cum
1836 3557 2067 3642 quibus
2110 3559 2527 3624 dilectissima

153 3653 493 3724 fraternitas
535 3666 752 3722 vestra
791 3657 1149 3740 conveniat,
1185 3667 1251 3723 et
1292 3680 1412 3747 pro
1459 3657 1656 3722 celeri
1697 3659 2105 3745 promotione
2128 3659 2527 3724 Pontificalis

155 3753 552 3825 ordinationis
595 3758 1008 3844 deposcenda
1042 3758 1218 3846 apud
1257 3759 1737 3824 denominatum
1766 3758 2120 3827 Dominum
2153 3759 2525 3824 Exarchum

153 3851 548 3938 interveniat,
610 3867 684 3923 ut
724 3860 982 3924 valeant
1019 3859 1098 3942 ii,
1161 3859 1270 3944 qui
1313 3859 1491 3924 missi
1534 3869 1715 3943 sunt,
1762 3859 2023 3924 Christo
2068 3859 2335 3942 comite,
2380 3883 2525 3926 cum

158 3955 371 4022 effectu
423 3959 505 4024 ad
547 3982 670 4024 nos
711 3959 1068 4049 repedare,
1141 3968 1206 4024 et
1279 3959 1362 4023 de
1410 3958 1741 4048 prosperis
1790 3960 2032 4026 nuntiis
2078 3960 2523 4048 Apostolicam

161 4049 379 4122 Christi
433 4058 790 4124 Ecclesiam
809 4109 830 4143 ,
895 4059 1310 4144 omniumque
1376 4069 1671 4126 nostrum
1724 4061 1975 4128 animos
2034 4059 2529 4147 magnanimiter

157 4153 441 4225 relevare.

1085 4275 1342 4345 Titulus
1383 4277 1575 4343 VIII.

836 4393 1026 4458 Ritus
1077 4394 1436 4458 ordinandi
1477 4394 1840 4480 Pontq'fi'czb.

311 4505 598 4573 Psallam
637 4504 995 4574 seeundum
1035 4509 1591 4575 consuetudinem.
1650 4510 1959 4574 Procedit
1994 4511 2257 4576 Electus
2301 4513 2384 4577 de
2430 4537 2526 4577 se-
