2959 4984
432 247 545 304 580
618 249 912 304 Lxxxm.
988 249 1469 306 cous'rrw'rlo
1505 251 1605 306 DE
1639 253 2312 308 ffPEbLA‘rlomnus
2351 257 2420 308 A.
2457 251 2614 310 1742.

438 429 509 486 et
552 419 881 487 observari
922 417 1202 504 stylum,
1264 417 1375 503 qui
1432 417 1588 484 olim
1643 417 1716 484 in
1765 439 1844 486 eo
1903 419 2240 486 Tribunali
2285 419 2588 504 vigebat,
2649 422 2834 505 idest,

444 521 617 606 quod
659 519 743 586 ad
787 517 1105 606 ejusmodi
1126 517 1626 586 Monitoriorum
1669 518 2158 607 expeditionem
2200 541 2334 586 non
2373 519 2568 586 aliter
2611 543 2836 607 proee-

442 619 653 704 dstur,
698 641 891 706 quam
938 619 1155 686 oblato
1196 620 1379 706 prius
1420 619 1550 707 ipsi
1563 619 1896 705 Auditori,
1945 622 2056 685 vel
2093 621 2302 705 aliter,
2341 621 2534 686 alteri
2575 643 2667 691 ex
2707 628 2838 709 ejus

434 718 1059 788 Locumtenentibus
1081 770 1102 805 ,
1176 741 1393 786 coram
1462 741 1592 805 quo
1667 720 2090 788 Monitorium
2140 721 2632 807 expediendum
2697 724 2836 807 erit,

440 821 717 908 supplici
762 819 1019 888 Libello
1056 820 1423 886 universam
1448 820 1636 888 Facti
1673 821 1963 906 speciem
2006 821 2203 904 clare,
2246 829 2316 884 et
2356 819 2648 888 dilucide
2695 845 2836 890 con-

438 919 683 986 tinente
712 969 734 1006 ,
780 931 847 986 et
890 921 1153 1008 praevio
1198 921 1395 986 etiam
1444 921 1740 1006 ejusdem
1773 920 1821 988 J
1823 921 2034 986 udicis
2071 920 2393 1007 rescripto
2414 969 2435 1003 ,
2481 921 2668 1005 quod
2707 923 2837 990 Mo—

432 1021 743 1088 nitorium
788 1020 1087 1110 expediri
1112 1021 1337 1108 possit,
1379 1041 1584 1108 penes
1627 1019 1880 1088 Causae
1905 1019 2270 1103 Notarium,
2292 1023 2400 1088 vel
2429 1018 2836 1106 Actum-ium,

434 1120 791 1208 diligenter
834 1121 1279 1188 custodiendo.
1320 1119 1407 1186 Et
1442 1121 1500 1188 si
1543 1120 1752 1204 aliter,
1797 1142 1990 1206 quam
2035 1122 2430 1206 praefertur,
2473 1129 2550 1184 et
2591 1123 2830 1207 absque

432 1220 607 1286 dicto
650 1221 927 1310 supplici
972 1221 1218 1303 libelle,
1260 1243 1335 1286 ae
1376 1219 1646 1308 speciali
1684 1219 1940 1288 Judicis
1991 1221 2344 1308 rescripto,
2405 1223 2590 1290 dicta
2631 1225 2834 1292 Moni-

428 1321 593 1388 toria
642 1321 815 1388 ultra
856 1320 1115 1388 Montes
1170 1320 1530 1387 intimanda
1593 1317 1899 1407 expedita
1955 1320 2236 1405 fuerint,
2291 1321 2611 1392 Notarius
2633 1377 2656 1411 ,
2711 1327 2835 1393 sive

428 1420 795 1504 Actuarius,
840 1431 907 1486 et
950 1417 1373 1506 Substitutus,
1418 1420 1530 1507 qui
1568 1420 1680 1486 illa
1719 1421 2146 1508 expediverit,
2189 1422 2336 1510 ipso
2378 1425 2550 1492 facto
2597 1427 2837 1494 incidat

426 1520 497 1588 in
537 1541 783 1609 poenas
824 1524 1123 1608 superius
1168 1541 1534 1611 expressas.

590 1625 649 1705 §-
690 1623 797 1690 48.
885 1620 1123 1690 Omnis
1146 1669 1166 1704 ,
1230 1630 1295 1688 et
1336 1621 1598 1710 singula
1657 1621 1974 1688 haetenus
2041 1645 2080 1687 a
2121 1622 2332 1690 Nobis
2399 1625 2726 1715 disposita
2762 1630 2834 1695 ad

426 1733 671 1790 rectam
710 1723 757 1792 J
760 1721 1125 1788 udiciorum
1184 1721 1566 1788 methodum
1617 1721 2084 1788 restituendam
2105 1773 2125 1806 ,
2195 1743 2274 1787 eo
2347 1725 2722 1812 impensius
2763 1732 2833 1797 ab

426 1823 725 1890 omnibus
768 1833 993 1888 exacte
1042 1821 1395 1906 custodiri,
1456 1830 1524 1886 et
1567 1820 1898 1887 observari
1941 1822 2319 1889 mandamus
2333 1874 2356 1908 ‚
2420 1849 2554 1912 quo
2603 1832 2833 1897 clarius

427 1932 698 2005 constat,
734 1923 857 1988 hac
906 1931 1125 1988 nostra
1168 1921 1650 1989 Constitutione
1691 1945 1826 1988 non
1861 1943 2062 1988 novas
2101 1923 2308 2006 ferri,
2373 1927 2494 1992 sed
2539 1931 2832 2016 antiquas
2941 2007 2943 2020 1

426 2023 771 2090 instaurari
814 2023 1023 2110 leges,
1070 2021 1345 2111 provide
1368 2072 1388 2105 ,
1436 2022 1898 2110 sapienterque
1937 2022 2262 2090 institutas
2281 2073 2300 2105 ‚
2351 2035 2418 2092 et
2457 2036 2832 2118 temporum
2941 2023 2943 2072 ³

427 2123 683 2210 injuria,
718 2146 795 2188 ac
832 2122 1168 2188 hominum
1212 2121 1443 2188 fraude
1491 2123 1836 2206 obsoletas,
1883 2133 1950 2188 et
1985 2145 2156 2190 novo
2194 2124 2577 2194 Pontificiae
2625 2141 2829 2197 aucto-

424 2223 630 2290 ritatis
676 2222 1001 2313 praesidio
1046 2223 1431 2288 communiri
1474 2221 1776 2288 ordinem
1815 2223 2222 2310 procedendi
2267 2226 2338 2290 in
2379 2225 2642 2316 Gensis,
2673 2234 2826 2316 jam·

430 2321 541 2388 diu
608 2324 1081 2410 praescriptum
1136 2319 1602 2410 Superioribus
1625 2371 1648 2405 ,
1709 2332 1777 2388 et
1813 2321 2244 2393 Inferioribus
2287 2325 2758 2398 Tribunalibus
2795 2358 2826 2396 a

426 2419 631 2490 Sacra
674 2421 1059 2490 Tridentina
1104 2421 1409 2509 Synod0,
1474 2422 2081 2510 Congregationum
2123 2423 2468 2511 Decretis,
2527 2440 2598 2496 et
2633 2431 2818 2497 Prae·

428 2523 844 2592 decessorum
890 2523 1283 2590 Nostrorum
1327 2522 1766 2590 Romanorum
1802 2523 2198 2589 Pontificum
2217 2523 2821 2615 constitutionibus,

430 2623 701 2710 aliisque
726 2621 1265 2692 Ordinationibus
1295 2622 1718 2710 Apostolicis.
1755 2623 2050 2708 Ideoque
2083 2625 2138 2690 si
2171 2625 2360 2712 ipsis
2363 2627 2620 2715 udices,
2659 2632 2822 2698 omni

424 2735 695 2812 semote,
740 2733 811 2788 ut
856 2747 975 2812 par
1018 2731 1134 2805 est,
1176 2723 1494 2788 humanae
1539 2721 1906 2810 cupiditatis
1943 2724 2182 2790 affectu
2199 2775 2218 2807 ‚
2289 2748 2450 2811 prae
2481 2733 2696 2798 oeulis
2733 2755 2819 2798 so-

423 2825 562 2889 lum
598 2824 964 2906 habuerint,
1010 2845 1177 2908 quae
1224 2833 1355 2888 tam
1396 2832 1668 2903 maturo,
1713 2831 1972 2907 tamque
2017 2824 2446 2899 saluberrimo
2485 2842 2643 2896 sunt
2683 2855 2818 2898 con·
2939 2883 2941 2906 .

426 2923 645 2990 stituta
688 2933 755 2988 et
797 2923 1095 2990 ordinata
1130 2924 1421 3006 consilio,
1458 2923 1648 2988 facile
1693 2945 1922 2991 eorum
1965 2924 2240 3008 quilibet
2279 2940 2622 3015 agnoscet,
2665 2953 2817 3016 quae
2939 2921 2941 2928 ¹

428 3025 569 3110 sui,
630 3035 695 3090 et
738 3044 902 3110 quae
944 3023 1139 3088 alieni
1184 3022 1530 3088 Ministerii
1571 3033 1787 3110 partes
1835 3045 1978 3090 esse
2023 3025 2305 3092 debeant
2365 3027 2440 3092 in
2479 3030 2812 3098 admitten-

428 3124 565 3210 dis,
604 3148 679 3190 ac
719 3125 1087 3210 respective
1126 3122 1498 3208 rejiciendis
1547 3122 1904 3190 Causarum
1946 3124 2527 3213 Appellationibus
2551 3183 2572 3217 ,
2619 3143 2688 3198 et
2723 3131 2816 3198 Iu·

428 3225 885 3292 bibitionibus:
932 3224 1153 3308 Atque
1198 3225 1286 3290 ita
1324 3223 1469 3305 fiet,
1526 3233 1600 3288 ut
1635 3247 1768 3290 non
1810 3225 2022 3292 solum
2061 3226 2412 3312 unicuique
2455 3230 2526 3296 in
2569 3255 2690 3298 suo
2731 3253 2816 3296 or-

426 3328 579 3394 dine
624 3327 838 3394 debita
878 3325 925 3394 J
930 3325 1383 3408 urisdictionis,
1422 3335 1490 3389 et
1531 3326 1948 3409 auctoritatiS,
1993 3329 2448 3415 praerogativa
2495 3342 2812 3412 ser-vetum

431 3427 569 3496 Sed
616 3429 809 3494 etiam
854 3437 947 3512 ut,
986 3427 1287 3492 extinctis
1326 3449 1615 3514 prorsus„
1645 3449 1720 3491 ac
1751 3426 2060 3492 radicitus
2087 3428 2330 3493 avulsis
2359 3432 2656 3497 omnium
2685 3455 2815 3497 con-

430 3529 823 3611 tentionum,
870 3537 935 3593 et
979 3526 1447 3592 discordiarum
1497 3525 1889 3611 seminibus,
1933 3536 2157 3592 mutuo
2203 3529 2540 3596 charitatis
2574 3532 2816 3598 vinculo

428 3629 805 3697 Tribunalia
850 3628 1207 3710 socientur,
1271 3635 1337 3692 et
1378 3627 1552 3692 inter
1591 3627 1708 3692 illa
1747 3636 1932 3692 recte
1971 3627 2214 3714 agendi
2255 3629 2604 3718 disciplina
2639 3631 2816 3700 Chri-

432 3730 635 3796 stiano
675 3729 929 3817 Populo
974 3727 1171 3808 utilis,
1220 3736 1283 3792 et
1322 3727 1686 3794 necessaria
1730 3728 2126 3796 restituatur.

602 3833 663 3911 ξ.
706 3830 811 3895 49.
895 3830 1183 3897 Demum
1224 3839 1317 3912 ut,
1362 3829 1668 3916 exemplo
1709 3828 1992 3912 Nostro,
2061 3852 2285 3897 omnes
2328 3833 2816 3919 praemissorum

430 3930 799 3998 executioni
844 3939 1029 3996 caute
1052 3977 1075 4011 ,
1146 3939 1211 3994 et
1253 3951 1375 4017 pro
1419 3929 1666 3996 viribus
1727 3929 2137 4013 incumbant,
2201 3939 2270 3996 et
2321 3943 2396 3996 ut
2439 3931 2814 4020 praesertim

428 4029 1267 4115 Notariis,Tabellionibu-‘3,
1318 4040 1383 4094 et
1426 4051 1654 4096 eorum
1701 4029 2052 4115 Actuariis,
2097 4040 2162 4098 et
2185 4029 2579 4100 Substitutis
2623 4031 2814 4100 omnis

428 4131 961 4198 contraveniendi
1002 4154 1155 4196 ansa
1196 4130 1643 4219 praecidatur,
1703 4130 2004 4196 volumus
2019 4177 2038 4211 ,
2101 4143 2166 4197 et
2205 4153 2524 4220 expresse
2551 4131 2811 4198 ‘manda-

428 4253 593 4312 mus,
647 4229 1036 4315 Processus,
1106 4240 1173 4296 et
1212 4230 1385 4298 Aeta
1434 4229 1793 4298 Causarum
1849 4231 1921 4298 in
1983 4230 2228 4298 Nostra
2275 4233 2578 4301 Romana
2631 4229 2814 4300 Curia

430 4350 648 4394 coram
692 4331 919 4414 quovis
935 4330 983 4398 J
984 4329 1175 4396 udice
1216 4330 1662 4418 pendentium,
1705 4353 1780 4396 ac
1817 4331 2268 4418 Inhibitiones,
2305 4332 2812 4422 Appellationes‚

432 4423 803 4509 Monitoria,
847 4428 1130 4514 aliasque
1156 4428 1589 4515 Citatoriales,
1631 4441 1698 4497 et
1733 4431 2218 4500 Inhibitoriales
2261 4433 2508 4518 literas,
2551 4455 2708 4520 quas
2741 4430 2810 4498 ab
