2959 4984
532 329 678 378 xm.
758 325 1236 382 CONCORDATA
1274 321 1892 376 CONSTANTIENSIA
1931 325 1995 374 A.
2043 319 2196 376 1418.
2495 319 2566 374 89
2652 401 2660 406 .

156 519 231 560 ac
280 495 351 560 in
382 494 579 558 terris
612 490 945 558 Ecclesiae
973 493 1299 557 Romanae
1331 491 1682 555 Rectorum
1727 498 1793 552 et
1817 487 2410 568 Thesaurariorum,
2457 487 2566 551 de-

153 605 537 682 putatorum
580 615 717 660 8011
742 592 1087 656 missorum
1123 591 1452 673 1130103118,
1495 589 1602 654 vel
1643 588 2160 677 deputandorum
2208 611 2283 652 ac
2311 588 2565 652 mitten-

158 697 403 760 dorum
451 695 519 757 in
560 702 926 781 posterum,
998 676 1285 756 vacantia
1332 700 1399 755 et
1442 691 1512 754 in
1561 699 1748 754 antea
1788 698 2127 771 vacatura3
2195 688 2564 772 ubicunque

157 796 376 860 dictos
422 795 709 879 Legatos
754 794 864 857 vel
908 791 1329 873 Collectores,
1376 813 1492 855 seu
1535 792 1885 874 RectoreS,
1935 801 2044 856 aut
2085 791 2567 872 Thesaurarios,

156 905 515 978 antequam
578 893 658 956 ad
704 893 1058 958 Romanam
1104 890 1366 957 Curiam
1423 891 1740 956 redierint
1794 913 1910 956 seu
1961 893 2294 974 venerint,
2369 893 2566 956 rebus

154 993 367 1059 eximi
416 992 766 1078 contigerit
805 995 885 1057 ab
928 992 1259 1073 humanis3
1303 1014 1429 1056 nec
1471 1015 1604 1056 non
1645 993 2099 1077 quorumlibet,
2145 1015 2264 1081 pro
2311 993 2568 1076 quibus-

160 1116 429 1178 cunque
474 1093 759 1178 negotiis
820 1092 901 1155 ad
944 1092 1299 1157 Romanam
1340 1089 1602 1156 Curiam
1644 1091 2044 1155 venientium
2085 1093 2194 1156 vel
2237 1090 2427 1156 etiam
2467 1113 2568 1155 re-

160 1195 548 1259 cedentium
594 1195 673 1257 ab
720 1192 966 1273 eadem,
1009 1191 1062 1255 si
1104 1191 1173 1254 in
1214 1191 1375 1255 locis
1418 1214 1455 1254 a
1501 1191 1670 1255 dicta
1717 1191 1912 1256 Curia
1953 1193 2124 1281 ultra
2168 1192 2324 1256 duas
2363 1192 2567 1256 dietas

160 1295 429 1380 legales
491 1315 624 1357 non
668 1292 1049 1356 distantibus
1106 1291 1235 1356 iam
1298 1291 1518 1354 forsan
1583 1291 1901 1375 obierint,
1962 1292 2070 1357 vel
2119 1314 2231 1356 eos
2270 1293 2339 1356 in
2381 1301 2568 1357 antea

156 1394 443 1458 transire
501 1393 584 1457 de
629 1393 751 1456 hac
790 1393 937 1456 luce
982 1389 1367 1475 contigerit3
1432 1413 1510 1454 ac
1553 1391 1742 1456 etiam
1788 1392 1978 1458 simili
2021 1395 2214 1460 modo
2265 1417 2568 1480 quorum-

155 1515 423 1579 cunque
492 1491 845 1560 Curialium
863 1541 882 1573 ,
943 1490 1488 1578 peregrinationis
1509 1540 1529 1573 ,
1595 1492 1982 1558 infirmitatis
1995 1544 2016 1577 ,
2076 1505 2188 1559 aut
2225 1495 2569 1559 recreatio-

156 1596 264 1660 m's
292 1641 313 1677 ,
377 1615 501 1658 vseu
545 1593 669 1656 3113
712 1613 1091 1676 quacunque
1136 1614 1324 1655 causa
1365 1591 1447 1654 ad
1496 1593 1757 1676 quaevis
1805 1594 1947 1658 loca
1989 1595 2469 1678 secedentium,
2515 1595 2569 1659 si

158 1703 519 1778 antequam
592 1693 667 1756 ad
738 1691 973 1756 dictam
1038 1690 1296 1756 Curiam
1370 1691 1723 1775 redierint,
1816 1693 1883 1758 in
1943 1695 2102 1759 locis
2176 1696 2346 1760 ultra
2411 1695 2570 1760 duas

158 1797 375 1862 dietas
422 1795 502 1859 ab
549 1792 777 1856 eadem
822 1790 1039 1874 Curia,
1080 1801 1153 1855 ut
1194 1791 1667 1878 praemittitur,
1710 1815 1844 1858 non
1884 1796 2168 1878 remotis,
2217 1796 2568 1862 dummodo

156 1916 395 1961 eorum
440 1892 777 1980 propriu-m
820 1891 1218 1955 domicilium
1260 1914 1392 1955 non
1436 1892 1670 1956 existat
1715 1894 1980 1979 ibidem,
2025 1897 2152 1962 iam
2192 1897 2412 1961 forsan
2455 1897 2565 1962 de-

162 1994 533 2076 cesserint,
582 1992 691 2056 vel
734 1992 803 2055 in
844 2000 1177 2078 posterum
1220 2013 1332 2056 008
1378 1993 1730 2078 contigerit
1775 1995 1858 2059 de
1917 1997 2132 2062 medio
2179 1997 2567 2080 submoveri,

160 2121 343 2164 nunc
403 2117 525 2184 per
568 2093 813 2158 obitum
853 2091 1223 2156 huiusmodi
1260 2093 1550 2156 vacantia
1592 2094 1706 2158 vel
1740 2095 1810 2159 in
1853 2105 2188 2184 posterum
2232 2108 2565 2180 vacatura3

157 2221 397 2266 rursus
440 2192 854 2274 Monasteria,
901 2191 1253 2274 Prioratus,
1296 2191 1666 2258 Decanatus
1685 2245 1704 2277 ,
1753 2194 2121 2282 dignitates»,
2168 2207 2569 2285 personatus,

157 2296 794 2376 administrationes,
838 2293 1051 2357 officia
1070 2342 1089 2375 ,
1148 2291 1576 2358 Canonicatus
1593 2344 1613 2377 ,
1655 2295 2068 2362 Praebendas
2111 2306 2179 2362 et
2219 2297 2565 2380 Εο0108138,

163 2410 561 2482 caeteraque
604 2393 923 2460 beneficia
992 2392 1421 2456 ecclesiastica
1472 2395 1786 2458 secularia
1839 2397 1950 2460 vel
2000 2397 2359 2483 regularia,
2425 2420 2570 2462 cum

155 2523 317 2566 cura
356 2497 470 2560 vel
514 2495 654 2559 8130
698 2517 868 2575 cura,
916 2513 1337 2576 quaecunque
1380 2503 1447 2557 et
1490 2493 1956 2580 qualiacunque
1999 2497 2274 2579 fuerint,
2319 2496 2566 2562 etiamsi

154 2599 242 2664 ad
296 2598 417 2661 illa
462 2615 779 2683 personae
822 2593 1274 2657 consueverint
1314 2615 1431 2657 seu
1477 2594 1824 2660 debuerint
1863 2617 1982 2684 per
2013 2596 2415 2680 electionem,
2461 2619 2576 2662 seu

168 2696 474 2784 quemvis
522 2695 718 2759 aliurn
762 2693 1029 2758 modum
1070 2693 1326 2776 assumi,
1358 2716 1536 2778 ⁸quae
1579 2697 1859 2782 promoti
1900 2719 2020 2784 per
2063 2719 2180 2762 nos
2224 2697 2334 2762 vel
2363 2707 2577 2763 aucto-

164 2801 365 2866 ritate
410 2803 634 2860 nostra
676 2793 759 2858 ad
799 2793 1354 2881 patriarchalium,
1422 2795 2098 2884 archiepiscopalium,
2156 2799 2264 2862 vel
2329 2799 2574 2886 episco-

156 2899 413 2986 palium
463 2895 905 2960 Ecclesiarum
930 2941 948 2974 ,
996 2914 1137 2956 ι1100
1190 2916 1323 2957 non
1363 2894 1908 2962 Monasteriorum
1960 2896 2282 2982 regimina
2329 2899 2573 2964 obtine-

158 3001 336 3081 bant,
384 3007 682 3082 tempore
728 2994 1212 3081 promotionum
1262 2994 1345 3058 de
1386 2995 1542 3082 ipsis
1581 2996 1896 3062 factarum
1915 3047 1934 3080 ,
1975 3021 2146 3062 nunc
2187 3021 2572 3084 quocunque

162 3099 365 3164 modo
410 3095 746 3177 vacantia,
820 3115 933 3158 8011
974 3095 1043 3158 13
1085 3104 1419 3182 posterum
1464 3105 1809 3180 vacatura3
1883 3119 2006 3162 300
2049 3122 2182 3164 303
2223 3101 2415 3164 etiam
2457 3123 2578 3188 per

159 3198 641 3266 assecutionem
680 3194 1013 3282 pacificam
1056 3217 1588 3280 quorumcunque
1618 3197 2025 3263 Prioratuum
2037 3249 2057 3282 ,
2095 3210 2576 3288 personatuum,

162 3301 572 3379 officiorum,
625 3294 1135 3361 Canonicatuum
1155 3345 1174 3378 ,
1217 3295 1747 3362 Praebendarum
1767 3348 1788 3381 ,
1828 3299 2268 3364 Ecclesiarum
2309 3311 2418 3367 aut
2459 3305 2570 3380 be-

162 3401 559 3467 nefieiorum
600 3397 893 3478 aliorum,
932 3418 1055 3484 per
1100 3419 1219 3462 nos
1266 3419 1381 3461 seu
1424 3398 1800 3464 auctoritate
1840 3399 2174 3465 literarum
2212 3411 2578 3468 nostrarum

160 3499 541 3566 immediate
588 3498 968 3562 collatorum
1008 3518 1125 3561 seu
1174 3498 1718 3563 conferendorum
1761 3499 1830 3564 in
1869 3509 2239 3587 posterum,
2282 3511 2570 3590 praeter-

162 3623 363 3687 quam
412 3599 469 3662 si
514 3598 755 3661 virtute
796 3595 1041 3682 gratiae
1076 3597 1522 3684 expectativae
1553 3599 1870 3665 assecutio
1908 3600 2038 3683 fiat,
2080 3625 2252 3666 nunc
2292 3602 2581 3666 vacantia

162 3711 229 3765 et
267 3701 343 3765 in
383 3707 577 3763 antea
614 3701 953 3763 vacatura:
992 3699 1204 3785 plena
1252 3719 1448 3787 super
1490 3700 1864 3787 praemissis
1908 3701 2202 3766 omnibus
2248 3709 2315 3764 01
2355 3700 2574 3784 singu-

160 3801 239 3864 lis
270 3822 427 3864 cum
460 3798 763 3863 fratribus
792 3799 1029 3862 nostris
1076 3799 1417 3863 collatione
1459 3800 1832 3888 praehabita
1877 3811 1944 3866 01
1967 3811 2216 3866 matura
2259 3800 2574 3866 delibera-

171 3900 355 3964 tione
404 3906 655 3980 secuta,
723 3897 1140 3980 ordination-i,
1192 3899 1618 3987 :dispositioni
1661 3925 1735 3966 ac
1775 3903 2132 3990 provisioni
2173 3911 2430 3968 nostrae
2473 3925 2578 3967 us-

164 4021 295 4084 que
340 3998 429 4062 ad
474 3997 989 4082 quinquennium
1032 3998 1113 4062 de
1158 3999 1448 4086 ipsorum
1511 4001 1783 4066 fratrum
1829 4003 2095 4068 consilio
2117 4051 2137 4085 ,
2207 4001 2582 4068 auctoritate

162 4095 561 4188 Apostolica
610 4119 1013 4162 reservamus
1036 4147 1057 4180 ,
1122 4098 1561 4165 decernentes
1623 4123 1709 4166 ex
1753 4125 1926 4167 nunc
1965 4103 2219 4168 irritum
2260 4111 2326 4166 01
2365 4101 2579 4186 13330,

164 4199 218 4263 si
257 4219 454 4263 secus
514 4219 711 4285 super
752 4198 1119 4284 praemissis
1140 4249 1161 4281 ,
1217 4209 1283 4264 01
1306 4200 1616 4285 quolibet
1669 4223 1893 4267 eorum
1952 4224 2074 4290 per
2139 4223 2608 4288 quoscunque,

178 4297 415 4383 quavis
456 4296 833 4362 auctoritate
876 4297 1155 4363 scienter
1204 4301 1313 4364 vel
1364 4291 1744 4387 ignoranter
1785 4301 2130 4386 contigerit
2169 4305 2576 4391 attemptari:

168 4422 303 4464 non
346 4397 753 4463 obstantibus
802 4398 1309 4485 quibuscumque
1364 4401 1926 4468 constitutionibus
1972 4427 2008 4466 a
2048 4404 2566 4490 praedecessori-

168 4501 293 4566 bus
342 4497 587 4564 nostris
628 4497 933 4564 Romanis
975 4499 1395 4566 Pontificibus
1441 4501 1654 4584 editis,
1702 4509 2016 4586 quatenus
2061 4504 2376 4570 obsistere
2424 4525 2570 4591 pos-
