2959 4984
413 308 682 359 LXXVII.
753 303 1000 360 BULLA
1037 305 1179 358 PRO
1220 305 1468 358 mismo
1510 305 2005 360 uoscovx‘mco
2042 308 2104 359 A.
2142 305 2299 361 1848.
2448 307 2557 364 479

155 475 330 560 gillo
387 471 658 558 alicujus
703 467 1032 534 Personae
1073 468 1144 534 in
1187 468 1619 536 ecclesiastica
1662 468 1978 554 dignitate
2018 467 2283 534 munitis
2330 467 2560 537 eadem

144 595 428 662 prorsus
469 570 634 636 fides
679 569 925 654 ubique
971 568 1354 634 adhibeatur
1366 619 1386 653 ,
1457 589 1623 654 quae
1670 569 1829 656 ipsis
1877 567 2327 656 praesentibus
2370 568 2551 636 adhi-

141 675 441 756 beretur,
493 669 548 734 si
587 670 804 736 forent
842 675 1140 733 ostensae
1180 669 1289 733 vel
1331 669 1679 734 exhibitae.

321 770 508 837 Nulli
548 791 708 854 ergo
748 768 1009 834 omnino
1050 764 1384 832 hominum
1419 768 1617 832 liceat
1642 767 1809 834 hanc
1829 767 2137 855 paginam
2158 766 2545 833 Nostrarum

143 871 538 952 erectionis,
575 865 1078 950 constitutionis,
1123 865 1707 934 dismembrationis
1726 916 1747 949 ,
1792 867 2191 953 adjectionis,
2234 866 2536 934 distribu-

144 971 346 1037 tionis
363 1019 384 1054 ,
443 967 814 1052 divisionis,
877 966 1519 1055 circumscriptionis,
1566 965 2061 1054 assignationis,
2110 965 2551 1052 subjectionis,

149 1070 525 1154 dotationiS,
569 1065 1070 1149 commissioniS‚.
1101 1065 1404 1151 mandati,
1451 1065 1719 1150 decreti,
1766 1065 2215 1135 declarationis
2258 1066 2550 1132 volunta·

145 1173 264 1255 tis,
333 1180 402 1236 et
443 1167 884 1255 derogationis
925 1165 1286 1252 infringere
1305 1216 1326 1250 ,
1369 1167 1478 1230 vel
1497 1234 1504 1241 ,
1522 1166 1582 1232 ei
1623 1189 1785 1232 ausu
1821 1165 2165 1232 temerario
2212 1166 2549 1232 contraire.

151 1271 230 1339 Si
275 1271 422 1356 quis
467 1278 685 1334 autem
723 1268 852 1334 hoc
891 1275 1212 1333 attentare
1255 1265 1795 1354 praesumpserit,
1836 1264 2351 1352 indignationem
2398 1263 2553 1332 Om-

143 1369 506 1459 nipotentis
549 1369 718 1453 Dei,
785 1391 860 1434 ac
901 1367 1256 1434 Beatorum
1301 1365 1485 1432 Petri
1536 1375 1607 1431 et
1646 1365 1837 1432 Pauli
1876 1365 2351 1454 Apostolorum
2390 1365 2553 1454 Ejus

145 1491 219 1535 se
259 1468 523 1536 noverit
565 1464 996 1534 incursurum.

315 1569 566 1634 Datum
605 1569 850 1634 Romae
890 1566 1063 1656 apud
1107 1563 1180 1632 S.
1218 1565 1493 1630 Mariam
1522 1565 1841 1650 Majorem
1884 1587 2049 1632 anno
2080 1564 2549 1644 Incarnationis

147 1669 540 1738 Dominicae
556 1667 905 1732 Millesimo
933 1663 1990 1752 0ctingentesimojquadragesimo
2016 1672 2259 1730 octavo.
2302 1665 2551 1747 Quinto

141 1767 374 1833 Nonas
412 1767 464 1834 J
461 1766 601 1832 ulii.
640 1765 1063 1833 Pontificatus
1103 1763 1330 1831 Nostri
1380 1764 1577 1831 Anno
1624 1763 1867 1830 Tertio.

1158 2019 1558 2032 ————n——--

899 2273 994 2363 Β)
1049 2273 1391 2364 Regimen
1445 2214 1813 2348 eeclesiae.

172 2639 560 2708 LXXVIII.
670 2639 1084 2726 Gregorii
1125 2640 1400 2729 Papae
1443 2641 1633 2708 XVI.
1678 2641 2190 2707 constitutio
2248 2643 2497 2710 nonis

217 2740 608 2825 Augusti
659 2739 818 2804 1831
889 2737 1136 2804 datae
1197 2739 1298 2805 de
1361 2741 1713 2809 ratione
1780 2741 2186 2827 agendis.
2233 2739 2458 2808 Sede

259 2839 778 2929 Apostolica
820 2839 908 2906 in
952 2841 1771 2908 com-mutationibus
1814 2862 2281 2928 regnorum
2332 2851 2414 2906 et

849 2939 1344 3030 principum
1384 2940 1825 3017 servanda.

377 3077 416 3084 ..
513 3087 877 3202 Gregorius
921 3088 1286 3178 Episcopus
1325 3087 1573 3157 Servus
1614 3089 1974 3158 Servorum
2012 3091 2163 3158 Dei.

798 3205 912 3271 Ad
957 3207 1272 3274 Futuram
1315 3206 1436 3311 Rei
1482 3207 1886 3275 Memoriam.

303 3349 696 3418 Sollicitudo
717 3353 1176 3440 metesinum,
1225 3377 1350 3442 qua
1371 3356 1648 3423 Romani
1677 3357 2030 3425 Pontifices
2072 3379 2161 3424 ex
2201 3360 2538 3426 commissa

131 3450 258 3518 sibi
327 3451 632 3520 divinitus
674 3452 1022 3524 Christiani
1068 3456 1326 3542 Gregis·
1377 3457 1669 3527 custodia
1722 3457 1979 3524 assidue
2034 3469 2353 3544 urgentur
2372 3509 2392 3542 ,
2460 3481 2537 3524 eo

127 3551 320 3640 ipsos
378 3553 695 3641 impellit,
757 3565 832 3620 ut
891 3555 1068 3642 quod
1107 3556 1181 3622 in
1225 3566 1545 3624 terrarum
1586 3558 2007 3646 gentiumque
2053 3559 2339 3628 omnium
2382 3561 2539 3625 orbe

129 3652 218 3716 ad
261 3662 508 3718 rectam
547 3655 646 3720 rei
670 3677 890 3720 sacrae
927 3657 1472 3745 procurationem,
1512 3669 1703 3744 atque
1744 3659 1829 3724 ad
1872 3659 2225 3727 animarum
2268 3659 2539 3726 salutem

132 3751 347 3839 magis
393 3755 721 3842 expediat,
763 3755 1048 3824 nitantur
1073 3757 1368 3846 impense
1401 3758 1763 3826 conciliare.
1806 3757 1903 3824 Ea
1932 3768 2148 3824 tamen
2172 3757 2533 3825 identidem

130 3863 238 3920 est
279 3863 644 3943 temporum
689 3857 971 3922 conditio
987 3906 1011 3940 ,⁴
1054 3879 1168 3922 eae
1208 3857 1278 3922 in
1315 3857 1593 3945 imperio
1642 3867 1937 3944 statuque
1982 3858 2309 3926 civitatum
2346 3857 2532 3924 vicis-

126 3953 444 4020 situdines
459 4005 479 4038 ,
547 3957 1208 4043 commutationesque
1230 4005 1251 4040 ,
1319 3967 1394 4022 ut
1449 3957 1604 4023 inde
1644 3957 2151 4046 praepediantur
2188 3958 2317 4046 ipsi
2358 3958 2533 4025 haud

125 4077 278 4120 raro
302 4106 324 4139 ,
393 4055 732 4140 quominus
778 4056 1216 4144 spiritualibus
1249 4058 1651 4146 *populorum
1692 4056 2181 4124 necessitatibus
2228 4065 2529 4146 prompte

123 4155 466 4242 liber-eque
505 4157 908 4222 subveniant.
949 4157 1183 4222 Posset
1221 4157 1395 4222 enim
1435 4159 1515 4224 ab
1558 4157 1639 4222 iis
1680 4157 2103 4246 potissimum,
2148 4157 2257 4244 qui
2297 4177 2522 4224 secun-

127 4256 286 4321 dum
329 4256 651 4320 elementa
689 4256 918 4322 mundi
961 4257 1238 4346 sapiunt,
1281 4258 1426 4348 rapi
1462 4258 1533 4322 in
1566 4257 1876 4322 invidiam
1901 4257 2243 4324 auctoritas
2272 4280 2525 4323 eorum·

127 4356 315 4439 dem,
387 4357 570 4442 quasi
626 4356 841 4423 studio
902 4357 1182 4447 partium
1241 4355 1521 4448 permoti
1554 4357 1871 4443 judicium
1922 4356 2405 4443 quodammodo.
2442 4357 2527 4422 de

123 4475 554 4545 personarum
581 4457 838 4544 juribus
881 4458 1116 4544 ferant,
1159 4459 1212 4524 si
1252 4458 1549 4547 pluribus
1595 4457 1678 4523 de
1716 4457 2081 4546 principatu
2128 4459 2521 4526 contenden-
