2959 4984
926 286 1205 341 KAROLI
1241 287 1478 341 MAGNI
1514 291 1577 341 A.
1620 286 1743 343 789.
1848 328 1853 334 -
2481 293 2549 347 71

1007 455 1703 513 SAOERDOTIBUS.

273 576 524 671 LXXI.
572 576 716 643 Sed
763 586 829 641 et
868 578 994 643 hoc
1033 578 1398 665 flagitamus
1439 588 1720 645 vestram
1762 580 2135 663 almitatem,
2182 589 2257 645 ut
2279 582 2553 649 ministri

155 678 373 743 altan‘s
419 678 554 743 Dei
615 701 806 742 suum
847 678 1278 745 ministerium
1320 678 1505 745 bonis
1552 680 1838 745 moribus
1880 691 2130 765 ornent,
2172 705 2291 749 seu
2340 694 2406 749 et
2446 686 2555 751 alii

160 778 455 843 canonici
484 778 931 845 observantiae
964 778 1228 862 ordinis,
1250 780 1358 845 vel
1380 780 1737 845 monachici
1763 782 2078 870 propositi
2102 785 2553 871 congregatio-

157 900 272 943 nes
303 880 744 961 obsecramuS,
783 888 856 943 ut
888 881 1122 944 bonam
1151 890 1216 945 et
1242 881 1650 968 probabilem
1675 882 1953 947 habeant
1980 885 2555 967 conversationem,

159 982 320 1045 sicut
363 982 510 1069 ipse
537 982 862 1047 Dominus
907 980 976 1044 in
1019 979 1360 1067 evangelio
1403 980 1754 1069 praecipit:
1805 986 1900 1047 sic
1946 983 2161 1049 luceat
2192 986 2311 1049 lum
2340 998 2555 1050 vestra

155 1102 380 1145 coram
421 1081 807 1161 hominibus,
855 1094 928 1145 ut
971 1080 1235 1145 videant
1265 1104 1464 1166 opera
1490 1094 1708 1145 vestra
1734 1081 1921 1163 bona,
1968 1096 2029 1147 et
2052 1085 2418 1172 yber-{licent
2431 1110 2554 1171 pa-

127 1188 132 1193 '
157 1194 316 1245 trem
361 1194 648 1245 vestrum
693 1184 809 1270 qui
844 1183 914 1245 in
947 1180 1104 1244 celia
1133 1194 1224 1245 est
1238 1206 1262 1260 ,·
1304 1190 1378 1245 ut
1408 1202 1634 1246 eorum
1659 1183 1828 1247 bona
1854 1184 2339 1249 conversatione
2367 1185 2551 1249 multi

154 1282 611 1369 pertrahantur
652 1282 736 1345 ad
783 1280 1113 1346 servitium
1137 1280 1289 1346 Dei.
1333 1280 1420 1345 Et
1454 1304 1587 1345 non
1631 1282 1843 1347 solum
1876 1284 2127 1351 servilis
2162 1283 2549 1349 conditionis

150 1383 446 1465 infanteS‚
493 1382 610 1447 sed
658 1382 850 1447 etiam
891 1381 1326 1467 ingenuorum
1372 1380 1543 1446 filios
1588 1380 1953 1469 adgregant
1997 1383 2247 1469 sibique
2280 1384 2546 1449 sociant.

153 1483 235 1549 Et
272 1493 346 1547 ut
395 1482 612 1547 scolae
660 1481 1023 1569 legentium
1062 1503 1416 1570 puerorum
1462 1481 1635 1546 fiant.
1688 1482 2001 1565 Psalmos,
2048 1490 2253 1566 notas,
2302 1491 2545 1564 cantus,

152 1593 556 1671 compotum,
621 1582 1108 1669 grammaticam
1153 1603 1275 1671 per
1318 1582 1575 1667 singula
1618 1584 2005 1649 monasteria
2044 1583 2151 1647 vel
2199 1582 2547 1671 episcopia,

153 1693 215 1749 et
254 1685 461 1751 libros
505 1683 850 1749 catholicos
894 1685 1063 1749 bene
1105 1682 1515 1764 emendatos;
1588 1682 1737 1767 quia
1780 1706 1973 1771 saepe
2024 1682 2177 1747 dum
2222 1685 2391 1749 bene
2433 1682 2545 1747 ali-

149 1785 255 1869 qui
298 1786 525 1849 Deum
566 1806 802 1869 rogare
847 1782 1130 1871 cupiunt,
1174 1804 1293 1870 per
1334 1782 1786 1849 inemendatos
1828 1784 2031 1849 libros
2074 1784 2242 1847 male
2288 1791 2545 1868 rogant.

148 1885 232 1949 Et
270 1906 518 1973 pueros
553 1893 807 1948 vestros
851 1906 982 1947 non
1024 1882 1213 1949 sinite
1262 1904 1374 1948 eos
1413 1884 1523 1949 vel
1562 1884 1847 1969 legendo
1892 1885 1997 1948 vel
2030 1882 2374 1948 scribendo
2408 1904 2545 1946 cor-

145 2006 472 2074 rumpere.
561 1984 648 2049 Et
699 1983 754 2047 si
800 2006 962 2071 opus
1011 1992 1110 2048 est
1157 1983 1567 2069 evangelium
1611 1985 1717 2048 vel
1760 1983 2136 2073 psalterium
2182 1992 2247 2047 et
2288 1983 2546 2049 missale

147 2085 452 2167 scribere,
495 2084 823 2173 perfectae
866 2083 1091 2149 aetatis
1133 2083 1428 2149 homines
1471 2083 1753 2149 scribant
1794 2108 1939 2151 cum
1982 2085 2155 2149 omni
2186 2084 2545 2169 diligentia.

1005 2332 1694 2390 SAOERDOTIBUS.

307 2454 594 2522 LXXII.
685 2453 897 2522 Simul
955 2464 1020 2520 et
1071 2454 1198 2519 hoc
1255 2475 1489 2540 rogare
1550 2453 1947 2535 curavimus,
2011 2464 2081 2519 ut
2129 2477 2353 2520 omnes
2404 2456 2539 2521 ubi-

147 2578 422 2643 cumque
472 2557 581 2643 qui
630 2578 699 2622 se
743 2566 893 2622 voto
939 2556 1351 2622 monachicae
1397 2555 1569 2619 vitae
1614 2554 2121 2638 contrinxerunt,
2172 2556 2544 2621 monachice

147 2668 208 2723 et
245 2657 650 2745 regulariter
693 2656 1078 2721 omnimodis
1125 2655 1479 2721 secundum
1523 2663 1745 2719 votum
1794 2677 1980 2720 suum
2022 2655 2272 2739 vivant,
2318 2677 2541 2721 secun-

145 2759 296 2823 dum
353 2757 532 2841 quod
578 2756 886 2845 scriptum
930 2764 1065 2821 est:
1153 2755 1317 2820 Vota
1358 2769 1579 2819 vestra
1619 2754 1876 2820 reddite
1921 2753 2205 2821 Domino
2251 2753 2395 2820 Deo
2440 2778 2542 2819 ve-

145 2872 300 2923 stro.
351 2858 442 2923 Et
484 2858 756 2923 iterum:
811 2854 1048 2920 Melius
1094 2870 1184 2919 eat
1228 2878 1358 2919 non
1397 2878 1650 2935 vovere,
1696 2879 1883 2941 quam
1924 2878 2056 2919 non
2099 2856 2392 2920 reddere.
2461 2855 2547 2921 Et

145 2968 212 3023 ut
251 2958 340 3023 ad
384 2958 778 3022 monasteria
811 2956 1166 3036 venientes,
1206 2955 1563 3021 secundum
1608 2956 1977 3042 regularem
2009 2954 2302 3021 ordinem
2332 2956 2543 3045 primo

147 3062 210 3124 in
249 3058 611 3148 pulsatorio
664 3060 1051 3147 probentur,
1113 3065 1180 3121 et
1221 3057 1312 3121 sic
1359 3056 1773 3145 accipiantur.
1866 3055 1951 3120 Et
1989 3055 2098 3143 qui
2144 3078 2231 3121 ex
2271 3056 2543 3122 seculari

145 3160 364 3227 habitu
422 3159 492 3223 in
550 3157 944 3224 monasterio
1009 3157 1308 3241 veniunt,
1371 3180 1503 3222 non
1562 3158 1774 3222 statim
1831 3160 2001 3225 foras
2062 3160 2147 3225 ad
2188 3159 2543 3225 ministeria

145 3259 516 3325 monasterii
561 3259 893 3323 mittantur
937 3266 1278 3343 antequam
1321 3258 1491 3323 intus
1534 3260 1701 3323 bene
1744 3259 2137 3326 erudiantur.
2180 3260 2266 3325 Et
2308 3270 2380 3325 ut
2406 3282 2539 3325 mo-

147 3361 330 3426 nachi
375 3360 458 3425 ad
505 3359 856 3425 saecularia
901 3358 1134 3446 placita
1174 3381 1306 3423 non
1350 3358 1603 3424 vadant.
1650 3356 1967 3425 Similiter
2010 3360 2116 3445 qui
2158 3360 2239 3425 ad
2282 3360 2539 3425 clerica-

149 3470 274 3524 tum
315 3460 670 3541 accedunt,
723 3458 899 3542 quod
941 3480 1060 3523 nos
1109 3458 1517 3523 nominamus
1560 3459 1928 3523 canonicam
1974 3460 2199 3542 vitam,
2245 3460 2543 3524 volumus

149 3570 209 3624 ut
265 3560 368 3625 illi
415 3558 723 3624 canonice
769 3558 1126 3623 secundum
1170 3581 1350 3623 suam
1391 3558 1690 3645 regulam
1736 3559 2121 3625 omnimodis
2163 3561 2415 3644 vivant,
2478 3571 2543 3625 et

150 3662 486 3749 episcopus
534 3680 760 3723 eorum
801 3667 990 3743 regat
1029 3657 1246 3741 vitam,
1291 3658 1456 3722 sicut
1492 3660 1707 3742 abbaS,
1750 3660 2015 3725 monach
2026 3682 2228 3725 orum.

1147 3840 1540 3897 OMNIBUS.

303 3962 626 4029 LXXIII.
692 3961 788 4029 Ut
827 3963 1128 4048 aequales
1169 3984 1503 4027 mensuras
1550 3971 1615 4027 et
1649 3972 1879 4046 rectas,
1923 3971 1991 4027 et
2029 3960 2323 4050 pondera
2366 3958 2533 4025 iusta

157 4074 214 4129 et
251 4064 550 4149 aequalia
593 4083 819 4127 omnes
859 4061 1160 4144 habeant,
1203 4061 1340 4126 sive
1379 4061 1448 4125 in
1492 4061 1882 4144 civitatibus,
1924 4060 2060 4125 sive
2106 4058 2175 4123 in
2214 4066 2534 4123 monaste-

160 4164 260 4228 riis
285 4213 304 4247 ,
365 4164 504 4228 sive
567 4162 654 4227 ad
713 4161 996 4227 dandum
1032 4161 1104 4226 in
1145 4161 1274 4226 illis
1319 4160 1454 4235 sive
1496 4161 1577 4225 ad
1616 4160 2095 4249 accipiendum,
2160 4159 2323 4224 sicut
2362 4169 2429 4224 et
2473 4160 2541 4225 in

156 4262 296 4347 lege
356 4262 630 4330 Domini
691 4270 1112 4350 praeceptum
1165 4261 1498 4328 habemus.
1598 4258 1765 4326 Item
1824 4260 1891 4325 in
1955 4258 2339 4343 Salomone,
2402 4261 2537 4326 Do-

163 4363 326 4429 mino
371 4364 662 4429 dicente:
723 4361 997 4445 Pondus
1046 4374 1107 4427 et
1142 4362 1436 4449 pondu-³,
1478 4384 1843 4427 ‘mensuram
1893 4374 1952 4424 et
1991 4384 2355 4426 mensuram
2398 4362 2535 4427 odit

160 4486 366 4531 amma
407 4488 565 4530 mea.
