<?xml version="1.0" encoding="UTF-8"?>
<!DOCTYPE html PUBLIC "-//W3C//DTD XHTML 1.0 Transitional//EN"
    "http://www.w3.org/TR/xhtml1/DTD/xhtml1-transitional.dtd">
<html xmlns="http://www.w3.org/1999/xhtml" xml:lang="en" lang="en">
 <head>
  <title>
</title>
<meta http-equiv="Content-Type" content="text/html;charset=utf-8" />
  <meta name='ocr-system' content='tesseract 3.04.00' />
  <meta name='ocr-capabilities' content='ocr_page ocr_carea ocr_par ocr_line ocrx_word'/>
</head>
<body>
  <div class='ocr_page' id='page_1' title='image "./fontesiuriseccl00waltgoog_0260.png"; bbox 0 0 2959 4984; ppageno 0'>
   <div class='ocr_carea' id='block_1_1' title="bbox 289 325 2377 384">
    <p class='ocr_par' dir='ltr' id='par_1_1' title="bbox 289 325 2377 384">
     <span class='ocr_line' id='line_1_1' title="bbox 289 325 2377 384; baseline -0.001 0"><span class='ocrx_word' id='word_1_1' title='bbox 289 325 397 384; x_wconf 73' lang='lat'><strong>240</strong></span> <span class='ocrx_word' id='word_1_2' title='bbox 571 327 868 380; x_wconf 77' lang='lat' dir='ltr'><strong>xxxvm.</strong></span> <span class='ocrx_word' id='word_1_3' title='bbox 940 325 1186 378; x_wconf 66' lang='lat' dir='ltr'>BULLA</span> <span class='ocrx_word' id='word_1_4' title='bbox 1221 325 1360 378; x_wconf 78' lang='lat' dir='ltr'><strong>PRO</strong></span> <span class='ocrx_word' id='word_1_5' title='bbox 1399 325 1650 379; x_wconf 72' lang='lat' dir='ltr'>REGNO</span> <span class='ocrx_word' id='word_1_6' title='bbox 1686 327 2088 381; x_wconf 72' lang='lat' dir='ltr'>BORUSSICO</span> <span class='ocrx_word' id='word_1_7' title='bbox 2130 329 2191 380; x_wconf 77' lang='lat' dir='ltr'><strong>A.</strong></span> <span class='ocrx_word' id='word_1_8' title='bbox 2223 327 2377 382; x_wconf 72' lang='lat'>1821.</span> 
     </span>
    </p>
   </div>
   <div class='ocr_carea' id='block_1_2' title="bbox 269 487 2711 4600">
    <p class='ocr_par' dir='ltr' id='par_1_2' title="bbox 290 487 2711 1466">
     <span class='ocr_line' id='line_1_2' title="bbox 459 487 2703 580; baseline 0.002 -22"><span class='ocrx_word' id='word_1_9' title='bbox 459 493 633 580; x_wconf 85' lang='lat' dir='ltr'>(IV.)</span> <span class='ocrx_word' id='word_1_10' title='bbox 721 489 930 559; x_wconf 84' lang='lat' dir='ltr'><strong>Huius</strong></span> <span class='ocrx_word' id='word_1_11' title='bbox 971 492 1147 560; x_wconf 86' lang='lat' dir='ltr'><strong>modi</strong></span> <span class='ocrx_word' id='word_1_12' title='bbox 1191 503 1408 562; x_wconf 84' lang='lat' dir='ltr'><strong>autem</strong></span> <span class='ocrx_word' id='word_1_13' title='bbox 1451 495 1621 560; x_wconf 77' lang='lat' dir='ltr'><strong>votis</strong></span> <span class='ocrx_word' id='word_1_14' title='bbox 1662 494 1921 562; x_wconf 81' lang='lat' dir='ltr'><strong>Nostris</strong></span> <span class='ocrx_word' id='word_1_15' title='bbox 1979 497 2251 562; x_wconf 87' lang='lat' dir='ltr'><strong>mirifice</strong></span> <span class='ocrx_word' id='word_1_16' title='bbox 2293 487 2703 563; x_wconf 85' lang='lat' dir='ltr'><strong>obsecunda-</strong></span> 
     </span>
     <span class='ocr_line' id='line_1_3' title="bbox 290 593 2701 683; baseline 0.002 -26"><span class='ocrx_word' id='word_1_17' title='bbox 290 594 385 658; x_wconf 84' lang='lat' dir='ltr'><strong>vit</strong></span> <span class='ocrx_word' id='word_1_18' title='bbox 420 593 717 658; x_wconf 86' lang='lat' dir='ltr'><strong>laudatus</strong></span> <span class='ocrx_word' id='word_1_19' title='bbox 759 594 1194 660; x_wconf 89' lang='lat' dir='ltr'><strong>Borussorum</strong></span> <span class='ocrx_word' id='word_1_20' title='bbox 1239 593 1421 677; x_wconf 82' lang='lat' dir='ltr'><strong>Rex,</strong></span> <span class='ocrx_word' id='word_1_21' title='bbox 1463 595 1643 659; x_wconf 87' lang='lat' dir='ltr'><strong>cuius</strong></span> <span class='ocrx_word' id='word_1_22' title='bbox 1690 617 2080 683; x_wconf 83' lang='lat' dir='ltr'>propensam</span> <span class='ocrx_word' id='word_1_23' title='bbox 2121 595 2473 663; x_wconf 79' lang='lat' dir='ltr'><strong>admodum</strong></span> <span class='ocrx_word' id='word_1_24' title='bbox 2510 599 2701 663; x_wconf 80' lang='lat' dir='ltr'><strong>inve-</strong></span> 
     </span>
     <span class='ocr_line' id='line_1_4' title="bbox 293 692 2705 782; baseline 0.001 -22"><span class='ocrx_word' id='word_1_25' title='bbox 293 695 547 778; x_wconf 84' lang='lat' dir='ltr'><strong>nimus,</strong></span> <span class='ocrx_word' id='word_1_26' title='bbox 619 705 686 760; x_wconf 88' lang='lat' dir='ltr'><strong>et</strong></span> <span class='ocrx_word' id='word_1_27' title='bbox 724 692 912 780; x_wconf 75' lang='lat' dir='ltr'><strong>grato</strong></span> <span class='ocrx_word' id='word_1_28' title='bbox 983 695 1198 759; x_wconf 83' lang='lat' dir='ltr'><strong>animo</strong></span> <span class='ocrx_word' id='word_1_29' title='bbox 1239 695 1695 782; x_wconf 77' lang='lat' dir='ltr'><strong>prosequimur</strong></span> <span class='ocrx_word' id='word_1_30' title='bbox 1751 697 2151 761; x_wconf 78' lang='lat' dir='ltr'><strong>voluntatem</strong></span> <span class='ocrx_word' id='word_1_31' title='bbox 2207 699 2276 762; x_wconf 90' lang='lat' dir='ltr'><strong>in</strong></span> <span class='ocrx_word' id='word_1_32' title='bbox 2326 696 2705 764; x_wconf 81' lang='lat' dir='ltr'><strong>Catholicos</strong></span> 
     </span>
     <span class='ocr_line' id='line_1_5' title="bbox 294 787 2709 884; baseline 0.001 -24"><span class='ocrx_word' id='word_1_33' title='bbox 294 816 530 882; x_wconf 83' lang='lat' dir='ltr'><strong>magno</strong></span> <span class='ocrx_word' id='word_1_34' title='bbox 573 815 848 860; x_wconf 87' lang='lat' dir='ltr'><strong>numero</strong></span> <span class='ocrx_word' id='word_1_35' title='bbox 889 795 1010 860; x_wconf 87' lang='lat' dir='ltr'><strong>sibi</strong></span> <span class='ocrx_word' id='word_1_36' title='bbox 1051 795 1341 861; x_wconf 87' lang='lat' dir='ltr'><strong>subditos</strong></span> <span class='ocrx_word' id='word_1_37' title='bbox 1358 841 1377 876; x_wconf 91' lang='lat'><strong>,</strong></span> <span class='ocrx_word' id='word_1_38' title='bbox 1417 797 1801 882; x_wconf 83' lang='lat' dir='ltr'><strong>praesertim</strong></span> <span class='ocrx_word' id='word_1_39' title='bbox 1850 818 1935 862; x_wconf 83' lang='lat' dir='ltr'><strong>ex</strong></span> <span class='ocrx_word' id='word_1_40' title='bbox 1990 797 2072 862; x_wconf 87' lang='lat' dir='ltr'><strong>Ei</strong></span> <span class='ocrx_word' id='word_1_41' title='bbox 2118 787 2420 864; x_wconf 83' lang='lat' dir='ltr'><strong>attributa</strong></span> <span class='ocrx_word' id='word_1_42' title='bbox 2462 797 2709 884; x_wconf 83' lang='lat' dir='ltr'><strong>grandi</strong></span> 
     </span>
     <span class='ocr_line' id='line_1_6' title="bbox 292 895 2705 986; baseline -0 -23"><span class='ocrx_word' id='word_1_43' title='bbox 292 905 476 986; x_wconf 81' lang='lat' dir='ltr'><strong>parte</strong></span> <span class='ocrx_word' id='word_1_44' title='bbox 517 895 1002 961; x_wconf 72' lang='lat' dir='ltr'><strong>Provinciamm</strong></span> <span class='ocrx_word' id='word_1_45' title='bbox 1045 895 1129 959; x_wconf 84' lang='lat' dir='ltr'><strong>ad</strong></span> <span class='ocrx_word' id='word_1_46' title='bbox 1163 896 1484 977; x_wconf 86' lang='lat' dir='ltr'><strong>Rhenum,</strong></span> <span class='ocrx_word' id='word_1_47' title='bbox 1524 895 1613 958; x_wconf 86' lang='lat' dir='ltr'><strong>ita</strong></span> <span class='ocrx_word' id='word_1_48' title='bbox 1652 905 1725 958; x_wconf 87' lang='lat' dir='ltr'><strong>ut</strong></span> <span class='ocrx_word' id='word_1_49' title='bbox 1771 897 1986 961; x_wconf 87' lang='lat' dir='ltr'><strong>omnia</strong></span> <span class='ocrx_word' id='word_1_50' title='bbox 2028 897 2290 962; x_wconf 86' lang='lat' dir='ltr'><strong>tandem</strong></span> <span class='ocrx_word' id='word_1_51' title='bbox 2332 899 2561 980; x_wconf 82' lang='lat' dir='ltr'><strong>fausto,</strong></span> <span class='ocrx_word' id='word_1_52' title='bbox 2604 899 2705 962; x_wconf 84' lang='lat' dir='ltr'><strong>fe—</strong></span> 
     </span>
     <span class='ocr_line' id='line_1_7' title="bbox 293 995 2705 1086; baseline 0 -24"><span class='ocrx_word' id='word_1_53' title='bbox 293 998 530 1084; x_wconf 81' lang='lat' dir='ltr'><strong>licique</strong></span> <span class='ocrx_word' id='word_1_54' title='bbox 577 997 758 1062; x_wconf 82' lang='lat' dir='ltr'><strong>exitu</strong></span> <span class='ocrx_word' id='word_1_55' title='bbox 801 1016 1222 1083; x_wconf 83' lang='lat' dir='ltr'><strong>componere,</strong></span> <span class='ocrx_word' id='word_1_56' title='bbox 1291 1019 1368 1060; x_wconf 89' lang='lat' dir='ltr'><strong>ac</strong></span> <span class='ocrx_word' id='word_1_57' title='bbox 1407 1017 1529 1082; x_wconf 89' lang='lat' dir='ltr'><strong>pro</strong></span> <span class='ocrx_word' id='word_1_58' title='bbox 1572 995 1895 1060; x_wconf 85' lang='lat' dir='ltr'><strong>Locorum</strong></span> <span class='ocrx_word' id='word_1_59' title='bbox 1936 998 2256 1086; x_wconf 69' lang='lat' dir='ltr'><strong>posin’one</strong></span> <span class='ocrx_word' id='word_1_60' title='bbox 2271 1048 2290 1081; x_wconf 84' lang='lat'><em>‚</em></span> <span class='ocrx_word' id='word_1_61' title='bbox 2354 1007 2547 1084; x_wconf 82' lang='lat' dir='ltr'><strong>atque</strong></span> <span class='ocrx_word' id='word_1_62' title='bbox 2590 999 2705 1063; x_wconf 87' lang='lat' dir='ltr'><strong>In-</strong></span> 
     </span>
     <span class='ocr_line' id='line_1_8' title="bbox 294 1095 2711 1184; baseline -0.001 -21"><span class='ocrx_word' id='word_1_63' title='bbox 294 1099 580 1164; x_wconf 85' lang='lat' dir='ltr'><strong>colarum</strong></span> <span class='ocrx_word' id='word_1_64' title='bbox 637 1095 1088 1161; x_wconf 72' lang='lat' dir='ltr'><strong>commoditate</strong></span> <span class='ocrx_word' id='word_1_65' title='bbox 1143 1115 1384 1162; x_wconf 80' lang='lat' dir='ltr'><strong>novum</strong></span> <span class='ocrx_word' id='word_1_66' title='bbox 1443 1095 1513 1160; x_wconf 88' lang='lat' dir='ltr'><strong>in</strong></span> <span class='ocrx_word' id='word_1_67' title='bbox 1570 1095 1919 1160; x_wconf 79' lang='lat' dir='ltr'><strong>Borussiae</strong></span> <span class='ocrx_word' id='word_1_68' title='bbox 1972 1097 2205 1184; x_wconf 87' lang='lat' dir='ltr'><strong>Regno</strong></span> <span class='ocrx_word' id='word_1_69' title='bbox 2260 1099 2711 1164; x_wconf 78' lang='lat' dir='ltr'><strong>Ecclesiamm</strong></span> 
     </span>
     <span class='ocr_line' id='line_1_9' title="bbox 294 1196 2697 1286; baseline -0.002 -20"><span class='ocrx_word' id='word_1_70' title='bbox 294 1197 588 1281; x_wconf 82' lang='lat' dir='ltr'><strong>Statum,</strong></span> <span class='ocrx_word' id='word_1_71' title='bbox 659 1206 724 1262; x_wconf 91' lang='lat' dir='ltr'><strong>et</strong></span> <span class='ocrx_word' id='word_1_72' title='bbox 777 1196 1195 1263; x_wconf 90' lang='lat' dir='ltr'><strong>Dioecesium</strong></span> <span class='ocrx_word' id='word_1_73' title='bbox 1265 1196 1503 1260; x_wconf 90' lang='lat' dir='ltr'><strong>limites</strong></span> <span class='ocrx_word' id='word_1_74' title='bbox 1558 1220 1729 1262; x_wconf 88' lang='lat' dir='ltr'><strong>nunc</strong></span> <span class='ocrx_word' id='word_1_75' title='bbox 1775 1199 2205 1282; x_wconf 82' lang='lat' dir='ltr'><strong>constituere,</strong></span> <span class='ocrx_word' id='word_1_76' title='bbox 2270 1199 2697 1286; x_wconf 83' lang='lat' dir='ltr'><strong>singulasque</strong></span> 
     </span>
     <span class='ocr_line' id='line_1_10' title="bbox 293 1296 2690 1386; baseline 0 -23"><span class='ocrx_word' id='word_1_77' title='bbox 293 1299 532 1365; x_wconf 87' lang='lat' dir='ltr'><strong>deinde</strong></span> <span class='ocrx_word' id='word_1_78' title='bbox 572 1296 816 1381; x_wconf 74' lang='lat' dir='ltr'><strong>SedeS,</strong></span> <span class='ocrx_word' id='word_1_79' title='bbox 859 1298 969 1364; x_wconf 89' lang='lat' dir='ltr'><strong>ubi</strong></span> <span class='ocrx_word' id='word_1_80' title='bbox 1020 1296 1356 1379; x_wconf 88' lang='lat' dir='ltr'><strong>deficiant,</strong></span> <span class='ocrx_word' id='word_1_81' title='bbox 1395 1298 1713 1385; x_wconf 87' lang='lat' dir='ltr'><strong>propriis,</strong></span> <span class='ocrx_word' id='word_1_82' title='bbox 1760 1299 2013 1386; x_wconf 80' lang='lat' dir='ltr'><strong>dignis,</strong></span> <span class='ocrx_word' id='word_1_83' title='bbox 2058 1309 2127 1364; x_wconf 79' lang='lat' dir='ltr'><strong>et</strong></span> <span class='ocrx_word' id='word_1_84' title='bbox 2166 1300 2420 1366; x_wconf 80' lang='lat' dir='ltr'><strong>idoneis</strong></span> <span class='ocrx_word' id='word_1_85' title='bbox 2461 1301 2690 1366; x_wconf 86' lang='lat' dir='ltr'><strong>Pasto-</strong></span> 
     </span>
     <span class='ocr_line' id='line_1_11' title="bbox 290 1391 1150 1466; baseline -0.003 -1"><span class='ocrx_word' id='word_1_86' title='bbox 290 1391 470 1466; x_wconf 87' lang='lat' dir='ltr'><strong>ribus</strong></span> <span class='ocrx_word' id='word_1_87' title='bbox 519 1399 760 1464; x_wconf 81' lang='lat' dir='ltr'><strong>donare</strong></span> <span class='ocrx_word' id='word_1_88' title='bbox 805 1398 1150 1463; x_wconf 83' lang='lat' dir='ltr'><strong>valeamus.</strong></span> 
     </span>
    </p>

    <p class='ocr_par' dir='ltr' id='par_1_3' title="bbox 269 1498 2703 4276">
     <span class='ocr_line' id='line_1_12' title="bbox 459 1498 2697 1586; baseline 0.001 -23"><span class='ocrx_word' id='word_1_89' title='bbox 459 1499 598 1586; x_wconf 80' lang='lat' dir='ltr'><strong>(V.)</strong></span> <span class='ocrx_word' id='word_1_90' title='bbox 684 1499 814 1564; x_wconf 88' lang='lat' dir='ltr'><strong>Pro</strong></span> <span class='ocrx_word' id='word_1_91' title='bbox 861 1498 1188 1586; x_wconf 83' lang='lat' dir='ltr'><strong>expressis</strong></span> <span class='ocrx_word' id='word_1_92' title='bbox 1231 1499 1462 1586; x_wconf 84' lang='lat' dir='ltr'><strong>igitur,</strong></span> <span class='ocrx_word' id='word_1_93' title='bbox 1507 1523 1581 1566; x_wconf 85' lang='lat' dir='ltr'><strong>ac</strong></span> <span class='ocrx_word' id='word_1_94' title='bbox 1630 1500 1712 1565; x_wconf 91' lang='lat' dir='ltr'><strong>de</strong></span> <span class='ocrx_word' id='word_1_95' title='bbox 1758 1500 1981 1566; x_wconf 85' lang='lat' dir='ltr'><strong>Verbo</strong></span> <span class='ocrx_word' id='word_1_96' title='bbox 2028 1501 2109 1566; x_wconf 87' lang='lat' dir='ltr'><strong>ad</strong></span> <span class='ocrx_word' id='word_1_97' title='bbox 2152 1503 2447 1569; x_wconf 81' lang='lat' dir='ltr'><strong>Verbum</strong></span> <span class='ocrx_word' id='word_1_98' title='bbox 2486 1501 2697 1567; x_wconf 87' lang='lat' dir='ltr'><strong>inser-</strong></span> 
     </span>
     <span class='ocr_line' id='line_1_13' title="bbox 292 1599 2699 1688; baseline 0 -21"><span class='ocrx_word' id='word_1_99' title='bbox 292 1603 374 1667; x_wconf 87' lang='lat' dir='ltr'><strong>tis</strong></span> <span class='ocrx_word' id='word_1_100' title='bbox 419 1601 770 1682; x_wconf 74' lang='lat' dir='ltr'><strong>habenteS,</strong></span> <span class='ocrx_word' id='word_1_101' title='bbox 826 1599 1122 1664; x_wconf 87' lang='lat' dir='ltr'><strong>omnibus</strong></span> <span class='ocrx_word' id='word_1_102' title='bbox 1168 1600 1287 1684; x_wconf 80' lang='lat' dir='ltr'><strong>iis,</strong></span> <span class='ocrx_word' id='word_1_103' title='bbox 1349 1622 1515 1686; x_wconf 83' lang='lat' dir='ltr'><strong>quae</strong></span> <span class='ocrx_word' id='word_1_104' title='bbox 1560 1601 1919 1688; x_wconf 87' lang='lat' dir='ltr'><strong>respiciunt</strong></span> <span class='ocrx_word' id='word_1_105' title='bbox 1960 1601 2127 1666; x_wconf 83' lang='lat' dir='ltr'><strong>infra</strong></span> <span class='ocrx_word' id='word_1_106' title='bbox 2170 1601 2519 1684; x_wconf 86' lang='lat' dir='ltr'><strong>dicendas,</strong></span> <span class='ocrx_word' id='word_1_107' title='bbox 2587 1604 2699 1668; x_wconf 82' lang='lat' dir='ltr'><strong>vel</strong></span> 
     </span>
     <span class='ocr_line' id='line_1_14' title="bbox 291 1699 2697 1790; baseline -0.001 -20"><span class='ocrx_word' id='word_1_108' title='bbox 291 1703 749 1784; x_wconf 86' lang='lat' dir='ltr'><strong>Ecclesiarum,</strong></span> <span class='ocrx_word' id='word_1_109' title='bbox 797 1709 864 1764; x_wconf 90' lang='lat' dir='ltr'><strong>et</strong></span> <span class='ocrx_word' id='word_1_110' title='bbox 907 1699 1375 1788; x_wconf 85' lang='lat' dir='ltr'><strong>Capitulorum,</strong></span> <span class='ocrx_word' id='word_1_111' title='bbox 1423 1723 1779 1787; x_wconf 88' lang='lat' dir='ltr'><strong>eorumque</strong></span> <span class='ocrx_word' id='word_1_112' title='bbox 1825 1702 2248 1790; x_wconf 83' lang='lat' dir='ltr'><strong>peculiarium</strong></span> <span class='ocrx_word' id='word_1_113' title='bbox 2294 1704 2697 1770; x_wconf 84' lang='lat' dir='ltr'><strong>anteriorum</strong></span> 
     </span>
     <span class='ocr_line' id='line_1_15' title="bbox 269 1801 2701 1890; baseline -0.001 -19"><span class='ocrx_word' id='word_1_114' title='bbox 269 1805 548 1886; x_wconf 90' lang='lat' dir='ltr'><strong>·iurium,</strong></span> <span class='ocrx_word' id='word_1_115' title='bbox 587 1824 662 1866; x_wconf 84' lang='lat' dir='ltr'><strong>ac</strong></span> <span class='ocrx_word' id='word_1_116' title='bbox 699 1801 1297 1890; x_wconf 79' lang='lat' dir='ltr'><strong>praerogativarum</strong></span> <span class='ocrx_word' id='word_1_117' title='bbox 1345 1802 1829 1886; x_wconf 80' lang='lat' dir='ltr'><strong>extinctionem,</strong></span> <span class='ocrx_word' id='word_1_118' title='bbox 1872 1813 1984 1868; x_wconf 87' lang='lat' dir='ltr'><strong>aut</strong></span> <span class='ocrx_word' id='word_1_119' title='bbox 2022 1805 2535 1871; x_wconf 76' lang='lat' dir='ltr'><strong>immutationem</strong></span> <span class='ocrx_word' id='word_1_120' title='bbox 2580 1825 2701 1868; x_wconf 80' lang='lat' dir='ltr'><strong>seu</strong></span> 
     </span>
     <span class='ocr_line' id='line_1_16' title="bbox 272 1903 2697 1990; baseline -0.001 -19"><span class='ocrx_word' id='word_1_121' title='bbox 272 1904 844 1971; x_wconf 74' lang='lat' dir='ltr'><strong>‘reordinationem</strong></span> <span class='ocrx_word' id='word_1_122' title='bbox 885 1925 960 1966; x_wconf 89' lang='lat' dir='ltr'><strong>ac</strong></span> <span class='ocrx_word' id='word_1_123' title='bbox 999 1903 1509 1990; x_wconf 84' lang='lat' dir='ltr'><strong>respectivarum</strong></span> <span class='ocrx_word' id='word_1_124' title='bbox 1554 1904 1974 1970; x_wconf 84' lang='lat' dir='ltr'><strong>Dioecesium</strong></span> <span class='ocrx_word' id='word_1_125' title='bbox 2014 1905 2697 1986; x_wconf 87' lang='lat' dir='ltr'><strong>Dismembrationem,</strong></span> 
     </span>
     <span class='ocr_line' id='line_1_17' title="bbox 295 2002 2700 2094; baseline -0.002 -21"><span class='ocrx_word' id='word_1_126' title='bbox 295 2027 409 2074; x_wconf 89' lang='lat' dir='ltr'><strong>seu</strong></span> <span class='ocrx_word' id='word_1_127' title='bbox 451 2027 688 2070; x_wconf 83' lang='lat' dir='ltr'><strong>novam</strong></span> <span class='ocrx_word' id='word_1_128' title='bbox 725 2002 1239 2092; x_wconf 83' lang='lat' dir='ltr'><strong>applicationem,</strong></span> <span class='ocrx_word' id='word_1_129' title='bbox 1280 2026 1404 2068; x_wconf 90' lang='lat' dir='ltr'><strong>nec</strong></span> <span class='ocrx_word' id='word_1_130' title='bbox 1446 2028 1580 2070; x_wconf 90' lang='lat' dir='ltr'><strong>non</strong></span> <span class='ocrx_word' id='word_1_131' title='bbox 1623 2006 2080 2091; x_wconf 90' lang='lat' dir='ltr'><strong>cuiuscumque</strong></span> <span class='ocrx_word' id='word_1_132' title='bbox 2120 2005 2568 2094; x_wconf 83' lang='lat' dir='ltr'><strong>praecedentis</strong></span> <span class='ocrx_word' id='word_1_133' title='bbox 2598 2005 2700 2068; x_wconf 88' lang='lat' dir='ltr'><strong>iu-</strong></span> 
     </span>
     <span class='ocr_line' id='line_1_18' title="bbox 291 2100 2699 2194; baseline -0 -23"><span class='ocrx_word' id='word_1_134' title='bbox 291 2107 382 2170; x_wconf 81' lang='lat' dir='ltr'><strong>ris</strong></span> <span class='ocrx_word' id='word_1_135' title='bbox 423 2100 880 2193; x_wconf 73' lang='lat' dir='ltr'><strong>metropolitici</strong></span> <span class='ocrx_word' id='word_1_136' title='bbox 921 2103 1428 2168; x_wconf 71' lang='lat' dir='ltr'><strong>annullationem</strong></span> <span class='ocrx_word' id='word_1_137' title='bbox 1458 2153 1477 2188; x_wconf 91' lang='lat'><strong>,</strong></span> <span class='ocrx_word' id='word_1_138' title='bbox 1542 2114 1611 2168; x_wconf 88' lang='lat' dir='ltr'><strong>et</strong></span> <span class='ocrx_word' id='word_1_139' title='bbox 1654 2105 1921 2194; x_wconf 84' lang='lat' dir='ltr'><strong>insuper</strong></span> <span class='ocrx_word' id='word_1_140' title='bbox 1965 2127 2493 2192; x_wconf 84' lang='lat' dir='ltr'><strong>quorumcunque</strong></span> <span class='ocrx_word' id='word_1_141' title='bbox 2529 2107 2699 2171; x_wconf 89' lang='lat' dir='ltr'><strong>inte-</strong></span> 
     </span>
     <span class='ocr_line' id='line_1_19' title="bbox 292 2203 2702 2293; baseline 0 -23"><span class='ocrx_word' id='word_1_142' title='bbox 292 2227 474 2272; x_wconf 81' lang='lat' dir='ltr'><strong>resse</strong></span> <span class='ocrx_word' id='word_1_143' title='bbox 517 2204 892 2270; x_wconf 83' lang='lat' dir='ltr'><strong>habentium</strong></span> <span class='ocrx_word' id='word_1_144' title='bbox 930 2205 1275 2269; x_wconf 84' lang='lat' dir='ltr'><strong>consensui</strong></span> <span class='ocrx_word' id='word_1_145' title='bbox 1313 2205 1608 2292; x_wconf 83' lang='lat' dir='ltr'><strong>plenarie</strong></span> <span class='ocrx_word' id='word_1_146' title='bbox 1642 2205 2023 2293; x_wconf 76' lang='lat' dir='ltr'><strong>supplentes</strong></span> <span class='ocrx_word' id='word_1_147' title='bbox 2068 2229 2153 2272; x_wconf 84' lang='lat' dir='ltr'><strong>ex</strong></span> <span class='ocrx_word' id='word_1_148' title='bbox 2193 2218 2367 2272; x_wconf 86' lang='lat' dir='ltr'><strong>certa</strong></span> <span class='ocrx_word' id='word_1_149' title='bbox 2406 2203 2702 2289; x_wconf 65' lang='lat' dir='ltr'><strong>scientia,</strong></span> 
     </span>
     <span class='ocr_line' id='line_1_20' title="bbox 295 2303 2701 2396; baseline 0.001 -26"><span class='ocrx_word' id='word_1_150' title='bbox 295 2316 366 2370; x_wconf 84' lang='lat' dir='ltr'><strong>et</strong></span> <span class='ocrx_word' id='word_1_151' title='bbox 425 2315 676 2370; x_wconf 80' lang='lat' dir='ltr'><strong>matura</strong></span> <span class='ocrx_word' id='word_1_152' title='bbox 731 2303 1198 2369; x_wconf 87' lang='lat' dir='ltr'><strong>deliberatione</strong></span> <span class='ocrx_word' id='word_1_153' title='bbox 1235 2303 1537 2387; x_wconf 87' lang='lat' dir='ltr'><strong>Nostris,</strong></span> <span class='ocrx_word' id='word_1_154' title='bbox 1602 2303 1817 2390; x_wconf 90' lang='lat' dir='ltr'><strong>deque</strong></span> <span class='ocrx_word' id='word_1_155' title='bbox 1878 2305 2299 2392; x_wconf 85' lang='lat' dir='ltr'><strong>Apostolicae</strong></span> <span class='ocrx_word' id='word_1_156' title='bbox 2356 2307 2701 2396; x_wconf 87' lang='lat' dir='ltr'><strong>potestatis</strong></span> 
     </span>
     <span class='ocr_line' id='line_1_21' title="bbox 291 2399 2699 2498; baseline 0 -26"><span class='ocrx_word' id='word_1_157' title='bbox 291 2406 717 2496; x_wconf 87' lang='lat' dir='ltr'><strong>plenitudine,</strong></span> <span class='ocrx_word' id='word_1_158' title='bbox 763 2404 1030 2495; x_wconf 80' lang='lat' dir='ltr'><strong>praevia·</strong></span> <span class='ocrx_word' id='word_1_159' title='bbox 1071 2425 1158 2468; x_wconf 83' lang='lat' dir='ltr'><strong>ex</strong></span> <span class='ocrx_word' id='word_1_160' title='bbox 1181 2427 1356 2469; x_wconf 85' lang='lat' dir='ltr'><strong>nunc</strong></span> <span class='ocrx_word' id='word_1_161' title='bbox 1379 2404 1752 2498; x_wconf 82' lang='lat' dir='ltr'><strong>omnimoda</strong></span> <span class='ocrx_word' id='word_1_162' title='bbox 1778 2401 2225 2493; x_wconf 87' lang='lat' dir='ltr'><strong>suppresione,</strong></span> <span class='ocrx_word' id='word_1_163' title='bbox 2275 2399 2699 2491; x_wconf 82' lang='lat' dir='ltr'><strong>extinctione,</strong></span> 
     </span>
     <span class='ocr_line' id='line_1_22' title="bbox 289 2501 2702 2592; baseline 0 -21"><span class='ocrx_word' id='word_1_164' title='bbox 289 2516 360 2571; x_wconf 87' lang='lat' dir='ltr'><strong>et</strong></span> <span class='ocrx_word' id='word_1_165' title='bbox 411 2505 852 2570; x_wconf 82' lang='lat' dir='ltr'><strong>annullatione</strong></span> <span class='ocrx_word' id='word_1_166' title='bbox 913 2505 1196 2568; x_wconf 77' lang='lat' dir='ltr'><strong>vacantis</strong></span> <span class='ocrx_word' id='word_1_167' title='bbox 1244 2503 1649 2592; x_wconf 84' lang='lat' dir='ltr'><strong>Episcopalis</strong></span> <span class='ocrx_word' id='word_1_168' title='bbox 1698 2501 1895 2570; x_wconf 79' lang='lat' dir='ltr'><strong>Sedis</strong></span> <span class='ocrx_word' id='word_1_169' title='bbox 1940 2505 2490 2592; x_wconf 83' lang='lat' dir='ltr'><strong>Aquisgranensis</strong></span> <span class='ocrx_word' id='word_1_170' title='bbox 2547 2529 2702 2572; x_wconf 86' lang='lat' dir='ltr'><strong>cum</strong></span> 
     </span>
     <span class='ocr_line' id='line_1_23' title="bbox 285 2597 2703 2694; baseline 0 -22"><span class='ocrx_word' id='word_1_171' title='bbox 285 2607 462 2672; x_wconf 87' lang='lat' dir='ltr'><strong>illius</strong></span> <span class='ocrx_word' id='word_1_172' title='bbox 524 2604 899 2672; x_wconf 83' lang='lat' dir='ltr'><strong>Cathedrali</strong></span> <span class='ocrx_word' id='word_1_173' title='bbox 964 2603 1264 2692; x_wconf 77' lang='lat' dir='ltr'><strong>Capit-ulo</strong></span> <span class='ocrx_word' id='word_1_174' title='bbox 1329 2605 1414 2670; x_wconf 87' lang='lat' dir='ltr'><strong>ad</strong></span> <span class='ocrx_word' id='word_1_175' title='bbox 1473 2602 1729 2670; x_wconf 82' lang='lat' dir='ltr'><strong>Statum</strong></span> <span class='ocrx_word' id='word_1_176' title='bbox 1794 2603 2100 2694; x_wconf 87' lang='lat' dir='ltr'><strong>simplicis</strong></span> <span class='ocrx_word' id='word_1_177' title='bbox 2150 2597 2555 2694; x_wconf 76' lang='lat' dir='ltr'><strong>Collegiatae</strong></span> <span class='ocrx_word' id='word_1_178' title='bbox 2624 2617 2703 2672; x_wconf 86' lang='lat' dir='ltr'><strong>nt</strong></span> 
     </span>
     <span class='ocr_line' id='line_1_24' title="bbox 287 2700 2695 2796; baseline -0.001 -22"><span class='ocrx_word' id='word_1_179' title='bbox 287 2709 457 2774; x_wconf 80' lang='lat' dir='ltr'><strong>infra-</strong></span> <span class='ocrx_word' id='word_1_180' title='bbox 497 2707 894 2790; x_wconf 87' lang='lat' dir='ltr'><strong>reducendo,</strong></span> <span class='ocrx_word' id='word_1_181' title='bbox 937 2716 1130 2792; x_wconf 82' lang='lat' dir='ltr'><strong>atque</strong></span> <span class='ocrx_word' id='word_1_182' title='bbox 1173 2707 1434 2772; x_wconf 80' lang='lat' dir='ltr'><strong>alterius</strong></span> <span class='ocrx_word' id='word_1_183' title='bbox 1479 2700 1889 2794; x_wconf 81' lang='lat' dir='ltr'><strong>Episcopalis</strong></span> <span class='ocrx_word' id='word_1_184' title='bbox 1934 2705 2267 2772; x_wconf 80' lang='lat' dir='ltr'><strong>Ecclesiae</strong></span> <span class='ocrx_word' id='word_1_185' title='bbox 2311 2718 2377 2772; x_wconf 90' lang='lat' dir='ltr'><strong>et</strong></span> <span class='ocrx_word' id='word_1_186' title='bbox 2402 2701 2695 2796; x_wconf 79' lang='lat' dir='ltr'><strong>Capituli</strong></span> 
     </span>
     <span class='ocr_line' id='line_1_25' title="bbox 287 2801 2695 2897; baseline 0 -23"><span class='ocrx_word' id='word_1_187' title='bbox 287 2808 696 2874; x_wconf 84' lang='lat' dir='ltr'><strong>Gathedralis</strong></span> <span class='ocrx_word' id='word_1_188' title='bbox 743 2806 1181 2890; x_wconf 80' lang='lat' dir='ltr'><strong>OorbeiensiS,</strong></span> <span class='ocrx_word' id='word_1_189' title='bbox 1229 2829 1352 2872; x_wconf 90' lang='lat' dir='ltr'><strong>nec</strong></span> <span class='ocrx_word' id='word_1_190' title='bbox 1395 2830 1529 2872; x_wconf 88' lang='lat' dir='ltr'><strong>non</strong></span> <span class='ocrx_word' id='word_1_191' title='bbox 1568 2807 1945 2872; x_wconf 85' lang='lat' dir='ltr'><strong>Monasterii</strong></span> <span class='ocrx_word' id='word_1_192' title='bbox 1984 2808 2303 2873; x_wconf 74' lang='lat' dir='ltr'><strong>Abb&#39;atiae</strong></span> <span class='ocrx_word' id='word_1_193' title='bbox 2336 2801 2695 2897; x_wconf 58' lang='lat' dir='ltr'><strong>&#39;nuncupati</strong></span> 
     </span>
     <span class='ocr_line' id='line_1_26' title="bbox 283 2906 2694 2992; baseline 0 -18"><span class='ocrx_word' id='word_1_194' title='bbox 283 2906 755 2988; x_wconf 84' lang='lat' dir='ltr'><strong>Neocellensis,</strong></span> <span class='ocrx_word' id='word_1_195' title='bbox 797 2906 997 2992; x_wconf 79' lang='lat' dir='ltr'><strong>vulgo</strong></span> <span class='ocrx_word' id='word_1_196' title='bbox 1041 2906 1442 2990; x_wconf 79' lang='lat' dir='ltr'><strong>Neuenzell,</strong></span> <span class='ocrx_word' id='word_1_197' title='bbox 1492 2929 1577 2972; x_wconf 90' lang='lat' dir='ltr'><strong>ex</strong></span> <span class='ocrx_word' id='word_1_198' title='bbox 1612 2929 1790 2970; x_wconf 87' lang='lat' dir='ltr'><strong>nunc</strong></span> <span class='ocrx_word' id='word_1_199' title='bbox 1830 2907 2117 2992; x_wconf 81' lang='lat' dir='ltr'><strong>itemque</strong></span> <span class='ocrx_word' id='word_1_200' title='bbox 2160 2907 2427 2972; x_wconf 78' lang='lat' dir='ltr'><strong>alterius</strong></span> <span class='ocrx_word' id='word_1_201' title='bbox 2470 2908 2694 2974; x_wconf 87' lang='lat' dir='ltr'><strong>Mona-</strong></span> 
     </span>
     <span class='ocr_line' id='line_1_27' title="bbox 287 3005 2693 3096; baseline 0.002 -26"><span class='ocrx_word' id='word_1_202' title='bbox 287 3006 465 3071; x_wconf 88' lang='lat' dir='ltr'><strong>sterii</strong></span> <span class='ocrx_word' id='word_1_203' title='bbox 514 3005 832 3071; x_wconf 86' lang='lat' dir='ltr'><strong>Abbatiae</strong></span> <span class='ocrx_word' id='word_1_204' title='bbox 885 3006 1128 3094; x_wconf 87' lang='lat' dir='ltr'><strong>pariter</strong></span> <span class='ocrx_word' id='word_1_205' title='bbox 1187 3008 1537 3096; x_wconf 87' lang='lat' dir='ltr'><strong>nuncupati</strong></span> <span class='ocrx_word' id='word_1_206' title='bbox 1580 3007 1910 3075; x_wconf 85' lang='lat' dir='ltr'><strong>Olivensis</strong></span> <span class='ocrx_word' id='word_1_207' title='bbox 1976 3029 2060 3072; x_wconf 85' lang='lat' dir='ltr'><strong>ex</strong></span> <span class='ocrx_word' id='word_1_208' title='bbox 2122 3031 2303 3080; x_wconf 89' lang='lat' dir='ltr'><strong>nunc</strong></span> <span class='ocrx_word' id='word_1_209' title='bbox 2350 3029 2469 3095; x_wconf 89' lang='lat' dir='ltr'><strong>pro</strong></span> <span class='ocrx_word' id='word_1_210' title='bbox 2519 3019 2693 3093; x_wconf 91' lang='lat' dir='ltr'><strong>tunc,</strong></span> 
     </span>
     <span class='ocr_line' id='line_1_28' title="bbox 289 3103 2692 3196; baseline 0.001 -24"><span class='ocrx_word' id='word_1_211' title='bbox 289 3105 545 3191; x_wconf 75' lang='lat' dir='ltr'><strong>quando</strong></span> <span class='ocrx_word' id='word_1_212' title='bbox 595 3107 840 3170; x_wconf 82' lang='lat' dir='ltr'><strong>scilieet</strong></span> <span class='ocrx_word' id='word_1_213' title='bbox 880 3128 969 3171; x_wconf 84' lang='lat' dir='ltr'><strong>ex</strong></span> <span class='ocrx_word' id='word_1_214' title='bbox 1014 3107 1302 3172; x_wconf 70' lang='lat' dir='ltr'><strong>Persona</strong></span> <span class='ocrx_word' id='word_1_215' title='bbox 1355 3110 1749 3174; x_wconf 81' lang='lat' dir='ltr'><strong>venerabilis</strong></span> <span class='ocrx_word' id='word_1_216' title='bbox 1802 3103 2047 3173; x_wconf 82' lang='lat' dir='ltr'><strong>Fratris</strong></span> <span class='ocrx_word' id='word_1_217' title='bbox 2108 3107 2372 3196; x_wconf 89' lang='lat' dir='ltr'><strong>Iosephi</strong></span> <span class='ocrx_word' id='word_1_218' title='bbox 2430 3108 2512 3172; x_wconf 89' lang='lat' dir='ltr'><strong>de</strong></span> <span class='ocrx_word' id='word_1_219' title='bbox 2554 3109 2692 3174; x_wconf 87' lang='lat' dir='ltr'><strong>Ho—</strong></span> 
     </span>
     <span class='ocr_line' id='line_1_29' title="bbox 287 3201 2692 3296; baseline 0.001 -25"><span class='ocrx_word' id='word_1_220' title='bbox 287 3206 669 3272; x_wconf 75' lang='lat' dir='ltr'><strong>henzollern</strong></span> <span class='ocrx_word' id='word_1_221' title='bbox 691 3205 1000 3296; x_wconf 85' lang='lat' dir='ltr'><strong>Episcopi</strong></span> <span class='ocrx_word' id='word_1_222' title='bbox 1031 3205 1462 3274; x_wconf 81' lang='lat' dir='ltr'><strong>Warmiensis</strong></span> <span class='ocrx_word' id='word_1_223' title='bbox 1500 3209 1799 3274; x_wconf 87' lang='lat' dir='ltr'><strong>moderni</strong></span> <span class='ocrx_word' id='word_1_224' title='bbox 1842 3208 2114 3274; x_wconf 85' lang='lat' dir='ltr'><strong>Abbatis</strong></span> <span class='ocrx_word' id='word_1_225' title='bbox 2158 3201 2489 3275; x_wconf 84' lang='lat' dir='ltr'><strong>Olivensis</strong></span> <span class='ocrx_word' id='word_1_226' title='bbox 2532 3231 2692 3294; x_wconf 84' lang='lat' dir='ltr'><strong>quo-</strong></span> 
     </span>
     <span class='ocr_line' id='line_1_30' title="bbox 282 3300 2689 3410; baseline 0.001 -38"><span class='ocrx_word' id='word_1_227' title='bbox 282 3307 758 3392; x_wconf 84' lang='lat' dir='ltr'><strong>modocumque</strong></span> <span class='ocrx_word' id='word_1_228' title='bbox 793 3309 1152 3391; x_wconf 81' lang='lat' dir='ltr'><strong>vacaverit3</strong></span> <span class='ocrx_word' id='word_1_229' title='bbox 1195 3317 1270 3373; x_wconf 86' lang='lat' dir='ltr'><strong>ut</strong></span> <span class='ocrx_word' id='word_1_230' title='bbox 1312 3310 1676 3374; x_wconf 86' lang='lat' dir='ltr'><strong>communia</strong></span> <span class='ocrx_word' id='word_1_231' title='bbox 1714 3331 1973 3410; x_wconf 81' lang='lat' dir='ltr'><strong>quoque</strong></span> <span class='ocrx_word' id='word_1_232' title='bbox 2016 3300 2493 3377; x_wconf 79' lang='lat' dir='ltr'><strong>Germanorum</strong></span> <span class='ocrx_word' id='word_1_233' title='bbox 2536 3319 2689 3374; x_wconf 81' lang='lat' dir='ltr'><strong>vota</strong></span> 
     </span>
     <span class='ocr_line' id='line_1_31' title="bbox 283 3359 2691 3498; baseline 0.002 -28"><span class='ocrx_word' id='word_1_234' title='bbox 283 3405 512 3493; x_wconf 84' lang='lat' dir='ltr'><strong>Regiis</strong></span> <span class='ocrx_word' id='word_1_235' title='bbox 561 3407 755 3472; x_wconf 86' lang='lat' dir='ltr'><strong>etiam</strong></span> <span class='ocrx_word' id='word_1_236' title='bbox 809 3418 993 3473; x_wconf 84' lang='lat' dir='ltr'><strong>aucta</strong></span> <span class='ocrx_word' id='word_1_237' title='bbox 1030 3359 1697 3476; x_wconf 82' lang='lat' dir='ltr'><strong>commendationibus</strong></span> <span class='ocrx_word' id='word_1_238' title='bbox 1742 3403 2031 3496; x_wconf 84' lang='lat' dir='ltr'><strong>benigno</strong></span> <span class='ocrx_word' id='word_1_239' title='bbox 2073 3409 2297 3474; x_wconf 75' lang='lat' dir='ltr'><strong>favore</strong></span> <span class='ocrx_word' id='word_1_240' title='bbox 2339 3429 2691 3498; x_wconf 84' lang='lat' dir='ltr'><strong>prosequa-</strong></span> 
     </span>
     <span class='ocr_line' id='line_1_32' title="bbox 283 3501 2691 3594; baseline 0.002 -24"><span class='ocrx_word' id='word_1_241' title='bbox 283 3528 448 3588; x_wconf 89' lang='lat' dir='ltr'><strong>mur,</strong></span> <span class='ocrx_word' id='word_1_242' title='bbox 491 3505 574 3572; x_wconf 87' lang='lat' dir='ltr'><strong>ad</strong></span> <span class='ocrx_word' id='word_1_243' title='bbox 619 3505 1102 3594; x_wconf 76' lang='lat' dir='ltr'><strong>omnipotentis</strong></span> <span class='ocrx_word' id='word_1_244' title='bbox 1143 3508 1273 3574; x_wconf 92' lang='lat' dir='ltr'><strong>Dei</strong></span> <span class='ocrx_word' id='word_1_245' title='bbox 1318 3508 1640 3594; x_wconf 86' lang='lat' dir='ltr'><strong>gloriam,</strong></span> <span class='ocrx_word' id='word_1_246' title='bbox 1683 3518 1753 3572; x_wconf 88' lang='lat' dir='ltr'><strong>et</strong></span> <span class='ocrx_word' id='word_1_247' title='bbox 1790 3509 1875 3572; x_wconf 84' lang='lat' dir='ltr'><strong>ad</strong></span> <span class='ocrx_word' id='word_1_248' title='bbox 1917 3509 2232 3574; x_wconf 86' lang='lat' dir='ltr'><strong>honorem</strong></span> <span class='ocrx_word' id='word_1_249' title='bbox 2275 3501 2463 3574; x_wconf 85' lang='lat' dir='ltr'><strong>Beati</strong></span> <span class='ocrx_word' id='word_1_250' title='bbox 2508 3507 2691 3574; x_wconf 86' lang='lat' dir='ltr'><strong>Petri</strong></span> 
     </span>
     <span class='ocr_line' id='line_1_33' title="bbox 285 3606 2693 3696; baseline 0 -24"><span class='ocrx_word' id='word_1_251' title='bbox 285 3607 758 3696; x_wconf 75' lang='lat' dir='ltr'><strong>Apostolorum</strong></span> <span class='ocrx_word' id='word_1_252' title='bbox 801 3607 1121 3696; x_wconf 87' lang='lat' dir='ltr'><strong>Principis</strong></span> <span class='ocrx_word' id='word_1_253' title='bbox 1169 3606 1628 3674; x_wconf 83' lang='lat' dir='ltr'><strong>Coloniensem</strong></span> <span class='ocrx_word' id='word_1_254' title='bbox 1673 3607 2031 3674; x_wconf 81' lang='lat' dir='ltr'><strong>Ecclesiam</strong></span> <span class='ocrx_word' id='word_1_255' title='bbox 2056 3655 2072 3682; x_wconf 88' lang='lat'><strong>,</strong></span> <span class='ocrx_word' id='word_1_256' title='bbox 2118 3609 2249 3672; x_wconf 88' lang='lat' dir='ltr'><strong>iam</strong></span> <span class='ocrx_word' id='word_1_257' title='bbox 2290 3619 2479 3673; x_wconf 83' lang='lat' dir='ltr'><strong>antea</strong></span> <span class='ocrx_word' id='word_1_258' title='bbox 2522 3610 2693 3674; x_wconf 89' lang='lat' dir='ltr'><strong>inter</strong></span> 
     </span>
     <span class='ocr_line' id='line_1_34' title="bbox 287 3705 2689 3797; baseline 0 -23"><span class='ocrx_word' id='word_1_259' title='bbox 287 3707 680 3774; x_wconf 73' lang='lat' dir='ltr'><strong>Ger-maniae</strong></span> <span class='ocrx_word' id='word_1_260' title='bbox 727 3706 940 3775; x_wconf 81' lang='lat' dir='ltr'><strong>Sedes</strong></span> <span class='ocrx_word' id='word_1_261' title='bbox 983 3709 1145 3773; x_wconf 83' lang='lat' dir='ltr'><strong>nulli</strong></span> <span class='ocrx_word' id='word_1_262' title='bbox 1185 3709 1568 3795; x_wconf 77' lang='lat' dir='ltr'><strong>antiquitate</strong></span> <span class='ocrx_word' id='word_1_263' title='bbox 1610 3733 1687 3774; x_wconf 87' lang='lat' dir='ltr'><strong>ac</strong></span> <span class='ocrx_word' id='word_1_264' title='bbox 1726 3709 2075 3797; x_wconf 81' lang='lat' dir='ltr'><strong>splendere</strong></span> <span class='ocrx_word' id='word_1_265' title='bbox 2122 3705 2471 3775; x_wconf 84' lang='lat' dir='ltr'><strong>secundam</strong></span> <span class='ocrx_word' id='word_1_266' title='bbox 2489 3760 2508 3793; x_wconf 90' lang='lat'><strong>,</strong></span> <span class='ocrx_word' id='word_1_267' title='bbox 2570 3712 2689 3776; x_wconf 83' lang='lat' dir='ltr'><strong>sub</strong></span> 
     </span>
     <span class='ocr_line' id='line_1_35' title="bbox 283 3804 2694 3899; baseline 0.001 -25"><span class='ocrx_word' id='word_1_268' title='bbox 283 3807 704 3874; x_wconf 85' lang='lat' dir='ltr'><strong>Invocatione</strong></span> <span class='ocrx_word' id='word_1_269' title='bbox 739 3809 982 3873; x_wconf 86' lang='lat' dir='ltr'><strong>laudati</strong></span> <span class='ocrx_word' id='word_1_270' title='bbox 1007 3809 1326 3898; x_wconf 87' lang='lat' dir='ltr'><strong>Principis</strong></span> <span class='ocrx_word' id='word_1_271' title='bbox 1367 3810 1840 3899; x_wconf 89' lang='lat' dir='ltr'><strong>Apostolorum</strong></span> <span class='ocrx_word' id='word_1_272' title='bbox 1880 3807 1963 3874; x_wconf 89' lang='lat' dir='ltr'><strong>ad</strong></span> <span class='ocrx_word' id='word_1_273' title='bbox 2008 3804 2550 3899; x_wconf 79' lang='lat' dir='ltr'><strong>Metropolitanae</strong></span> <span class='ocrx_word' id='word_1_274' title='bbox 2574 3811 2694 3876; x_wconf 89' lang='lat' dir='ltr'><strong>Ec-</strong></span> 
     </span>
     <span class='ocr_line' id='line_1_36' title="bbox 285 3908 2695 3998; baseline 0 -24"><span class='ocrx_word' id='word_1_275' title='bbox 285 3908 518 3974; x_wconf 66' lang='lat' dir='ltr'><strong>clesiae</strong></span> <span class='ocrx_word' id='word_1_276' title='bbox 551 3909 857 3994; x_wconf 59' lang='lat' dir='ltr'><strong>gradum</strong></span> <span class='ocrx_word' id='word_1_277' title='bbox 897 3911 1329 3993; x_wconf 76' lang='lat' dir='ltr'><strong>restituimus,</strong></span> <span class='ocrx_word' id='word_1_278' title='bbox 1386 3933 1460 3975; x_wconf 79' lang='lat' dir='ltr'><strong>ac</strong></span> <span class='ocrx_word' id='word_1_279' title='bbox 1500 3911 1571 3975; x_wconf 89' lang='lat' dir='ltr'><strong>in</strong></span> <span class='ocrx_word' id='word_1_280' title='bbox 1618 3911 1735 3975; x_wconf 85' lang='lat' dir='ltr'><strong>illo</strong></span> <span class='ocrx_word' id='word_1_281' title='bbox 1796 3919 2117 3998; x_wconf 84' lang='lat' dir='ltr'><strong>perpetuo</strong></span> <span class='ocrx_word' id='word_1_282' title='bbox 2176 3911 2695 3976; x_wconf 87' lang='lat' dir='ltr'><strong>constituendam</strong></span> 
     </span>
     <span class='ocr_line' id='line_1_37' title="bbox 285 4007 2695 4100; baseline 0 -24"><span class='ocrx_word' id='word_1_283' title='bbox 285 4030 430 4076; x_wconf 91' lang='grc'><strong>0886</strong></span> <span class='ocrx_word' id='word_1_284' title='bbox 473 4009 902 4092; x_wconf 82' lang='lat' dir='ltr'><strong>decernimus,</strong></span> <span class='ocrx_word' id='word_1_285' title='bbox 943 4011 1292 4098; x_wconf 83' lang='lat' dir='ltr'><strong>&#39;eidemque</strong></span> <span class='ocrx_word' id='word_1_286' title='bbox 1331 4011 1873 4100; x_wconf 76' lang='lat' dir='ltr'><strong>Metropolitanae</strong></span> <span class='ocrx_word' id='word_1_287' title='bbox 1916 4007 2359 4096; x_wconf 79' lang='lat' dir='ltr'><strong>suffraganeas</strong></span> <span class='ocrx_word' id='word_1_288' title='bbox 2403 4012 2695 4098; x_wconf 82' lang='lat' dir='ltr'><strong>assigna-</strong></span> 
     </span>
     <span class='ocr_line' id='line_1_38' title="bbox 285 4105 2696 4214; baseline 0 -38"><span class='ocrx_word' id='word_1_289' title='bbox 285 4131 430 4176; x_wconf 75' lang='lat' dir='ltr'><strong>mus</strong></span> <span class='ocrx_word' id='word_1_290' title='bbox 475 4109 899 4199; x_wconf 76' lang='lat' dir='ltr'><strong>Episcopales</strong></span> <span class='ocrx_word' id='word_1_291' title='bbox 939 4111 1264 4179; x_wconf 74' lang='lat' dir='ltr'><strong>Ecclesiae</strong></span> <span class='ocrx_word' id='word_1_292' title='bbox 1309 4111 1805 4196; x_wconf 76' lang='lat' dir='ltr'><strong>Trevirensem,</strong></span> <span class='ocrx_word' id='word_1_293' title='bbox 1848 4105 2451 4214; x_wconf 83' lang='lat' dir='ltr'><strong>Monasteriensem,</strong></span> <span class='ocrx_word' id='word_1_294' title='bbox 2498 4117 2696 4196; x_wconf 82' lang='lat' dir='ltr'><strong>atque</strong></span> 
     </span>
     <span class='ocr_line' id='line_1_39' title="bbox 285 4207 2277 4276; baseline 0.007 -3"><span class='ocrx_word' id='word_1_295' title='bbox 285 4207 914 4276; x_wconf 75' lang='lat' dir='ltr'><strong>Paderbornonsem.</strong></span> <span class='ocrx_word' id='word_1_296' title='bbox 2272 4237 2277 4240; x_wconf 85' lang='grc'><em>·</em></span> 
     </span>
    </p>

    <p class='ocr_par' dir='ltr' id='par_1_4' title="bbox 283 4309 2699 4600">
     <span class='ocr_line' id='line_1_40' title="bbox 459 4309 2697 4402; baseline -0.001 -23"><span class='ocrx_word' id='word_1_297' title='bbox 459 4311 636 4398; x_wconf 76' lang='lat' dir='ltr'>(VI.)</span> <span class='ocrx_word' id='word_1_298' title='bbox 719 4310 1186 4402; x_wconf 80' lang='lat' dir='ltr'><strong>Episcopale&#39;m-</strong></span> <span class='ocrx_word' id='word_1_299' title='bbox 1220 4311 1468 4402; x_wconf 75' lang='lat' dir='ltr'><strong>pariter</strong></span> <span class='ocrx_word' id='word_1_300' title='bbox 1513 4311 1857 4376; x_wconf 44' lang='lat' dir='ltr'><strong>&gt;ecelesiam</strong></span> <span class='ocrx_word' id='word_1_301' title='bbox 1880 4311 2392 4376; x_wconf 75' lang='lat' dir='ltr'><strong>Posnaniensem</strong></span> <span class='ocrx_word' id='word_1_302' title='bbox 2424 4313 2559 4376; x_wconf 68' lang='lat' dir='ltr'><strong>‘sub</strong></span> <span class='ocrx_word' id='word_1_303' title='bbox 2585 4309 2697 4376; x_wconf 82' lang='lat' dir='ltr'><strong>In-</strong></span> 
     </span>
     <span class='ocr_line' id='line_1_41' title="bbox 283 4407 2693 4500; baseline 0 -24"><span class='ocrx_word' id='word_1_304' title='bbox 283 4413 622 4478; x_wconf 60' lang='lat' dir='ltr'><strong>vocatione</strong></span> <span class='ocrx_word' id='word_1_305' title='bbox 662 4411 1052 4480; x_wconf 69' lang='lat' dir='ltr'><strong>Sanctorum</strong></span> <span class='ocrx_word' id='word_1_306' title='bbox 1095 4414 1274 4479; x_wconf 83' lang='lat' dir='ltr'><strong>Petri</strong></span> <span class='ocrx_word' id='word_1_307' title='bbox 1301 4452 1306 4456; x_wconf 86' lang='lat'><em>-</em></span> <span class='ocrx_word' id='word_1_308' title='bbox 1331 4422 1396 4478; x_wconf 85' lang='lat' dir='ltr'><strong>et</strong></span> <span class='ocrx_word' id='word_1_309' title='bbox 1429 4411 1623 4478; x_wconf 73' lang='lat' dir='ltr'><strong>Pauli</strong></span> <span class='ocrx_word' id='word_1_310' title='bbox 1668 4411 2142 4500; x_wconf 83' lang='lat' dir='ltr'><strong>Apostolorum</strong></span> <span class='ocrx_word' id='word_1_311' title='bbox 2187 4411 2269 4476; x_wconf 77' lang='lat' dir='ltr'><strong>ad</strong></span> <span class='ocrx_word' id='word_1_312' title='bbox 2302 4409 2508 4478; x_wconf 61' lang='lat' dir='ltr'><strong>*Sedis</strong></span> <span class='ocrx_word' id='word_1_313' title='bbox 2540 4407 2693 4476; x_wconf 82' lang='lat' dir='ltr'><strong>Me-</strong></span> 
     </span>
     <span class='ocr_line' id='line_1_42' title="bbox 285 4510 2699 4600; baseline 0 -24"><span class='ocrx_word' id='word_1_314' title='bbox 285 4510 712 4600; x_wconf 84' lang='lat' dir='ltr'><strong>tropolitanae</strong></span> <span class='ocrx_word' id='word_1_315' title='bbox 757 4513 1034 4597; x_wconf 86' lang='lat' dir='ltr'><strong>gradum</strong></span> <span class='ocrx_word' id='word_1_316' title='bbox 1093 4513 1465 4581; x_wconf 83' lang='lat' dir='ltr'><strong>extollimus</strong></span> <span class='ocrx_word' id='word_1_317' title='bbox 1494 4561 1513 4596; x_wconf 91' lang='lat'><strong>,</strong></span> <span class='ocrx_word' id='word_1_318' title='bbox 1582 4537 1657 4578; x_wconf 89' lang='lat' dir='ltr'><strong>ac</strong></span> <span class='ocrx_word' id='word_1_319' title='bbox 1700 4512 2147 4578; x_wconf 64' lang='lat' dir='ltr'><strong>constituimus</strong></span> <span class='ocrx_word' id='word_1_320' title='bbox 2166 4546 2206 4596; x_wconf 60' lang='lat' dir='ltr'><strong>-,r</strong></span> <span class='ocrx_word' id='word_1_321' title='bbox 2259 4512 2699 4598; x_wconf 56' lang='lat' dir='ltr'><strong>&gt;eamdemque</strong></span> 
     </span>
    </p>
   </div>
  </div>
 </body>
</html>
