<?xml version="1.0" encoding="UTF-8"?>
<!DOCTYPE html PUBLIC "-//W3C//DTD XHTML 1.0 Transitional//EN"
    "http://www.w3.org/TR/xhtml1/DTD/xhtml1-transitional.dtd">
<html xmlns="http://www.w3.org/1999/xhtml" xml:lang="en" lang="en">
 <head>
  <title>
</title>
<meta http-equiv="Content-Type" content="text/html;charset=utf-8" />
  <meta name='ocr-system' content='tesseract 3.04.00' />
  <meta name='ocr-capabilities' content='ocr_page ocr_carea ocr_par ocr_line ocrx_word'/>
</head>
<body>
  <div class='ocr_page' id='page_1' title='image "./fontesiuriseccl00waltgoog_0036.png"; bbox 0 0 2959 4984; ppageno 0'>
   <div class='ocr_carea' id='block_1_1' title="bbox 347 289 2512 403">
    <p class='ocr_par' dir='ltr' id='par_1_1' title="bbox 347 289 2512 403">
     <span class='ocr_line' id='line_1_1' title="bbox 347 289 2512 403; baseline -0.003 -33"><span class='ocrx_word' id='word_1_1' title='bbox 347 394 358 403; x_wconf 36' lang='lat'><strong>·</strong></span> <span class='ocrx_word' id='word_1_2' title='bbox 421 316 490 370; x_wconf 81' lang='lat'>16</span> <span class='ocrx_word' id='word_1_3' title='bbox 689 309 784 365; x_wconf 90' lang='lat' dir='ltr'>1v.</span> <span class='ocrx_word' id='word_1_4' title='bbox 837 308 942 363; x_wconf 78' lang='lat' dir='ltr'>Ex</span> <span class='ocrx_word' id='word_1_5' title='bbox 980 307 1200 363; x_wconf 78' lang='lat' dir='ltr'>LIBRo</span> <span class='ocrx_word' id='word_1_6' title='bbox 1233 306 1511 367; x_wconf 76' lang='lat' dir='ltr'><strong>DIURNO</strong></span> <span class='ocrx_word' id='word_1_7' title='bbox 1546 306 2017 365; x_wconf 74' lang='lat' dir='ltr'>ROMANORUM</span> <span class='ocrx_word' id='word_1_8' title='bbox 2050 289 2512 365; x_wconf 65' lang='lat' dir='ltr'>Pommcnm.</span> 
     </span>
    </p>
   </div>
   <div class='ocr_carea' id='block_1_2' title="bbox 407 474 2829 1265">
    <p class='ocr_par' dir='ltr' id='par_1_2' title="bbox 407 474 2829 1265">
     <span class='ocr_line' id='line_1_2' title="bbox 415 474 2820 564; baseline -0.002 -17"><span class='ocrx_word' id='word_1_9' title='bbox 415 481 688 547; x_wconf 84' lang='lat' dir='ltr'>cretario</span> <span class='ocrx_word' id='word_1_10' title='bbox 704 527 724 562; x_wconf 90' lang='lat'>,</span> <span class='ocrx_word' id='word_1_11' title='bbox 769 500 913 544; x_wconf 89' lang='lat' dir='ltr'>cum</span> <span class='ocrx_word' id='word_1_12' title='bbox 957 475 1330 543; x_wconf 74' lang='lat' dir='ltr'><strong>cereostatis</strong></span> <span class='ocrx_word' id='word_1_13' title='bbox 1374 484 1627 564; x_wconf 82' lang='lat' dir='ltr'>septem</span> <span class='ocrx_word' id='word_1_14' title='bbox 1644 522 1665 557; x_wconf 88' lang='lat'>,</span> <span class='ocrx_word' id='word_1_15' title='bbox 1722 482 1789 541; x_wconf 87' lang='lat' dir='ltr'>et</span> <span class='ocrx_word' id='word_1_16' title='bbox 1826 474 2007 541; x_wconf 80' lang='lat' dir='ltr'>venit</span> <span class='ocrx_word' id='word_1_17' title='bbox 2044 475 2129 539; x_wconf 88' lang='lat' dir='ltr'>ad</span> <span class='ocrx_word' id='word_1_18' title='bbox 2172 476 2653 543; x_wconf 81' lang='lat' dir='ltr'>confessionem</span> <span class='ocrx_word' id='word_1_19' title='bbox 2674 526 2693 559; x_wconf 85' lang='lat'>‚</span> <span class='ocrx_word' id='word_1_20' title='bbox 2746 487 2820 543; x_wconf 87' lang='lat' dir='ltr'>et</span> 
     </span>
     <span class='ocr_line' id='line_1_3' title="bbox 414 575 2829 669; baseline -0.002 -24"><span class='ocrx_word' id='word_1_21' title='bbox 414 590 564 669; x_wconf 89' lang='lat' dir='ltr'>post</span> <span class='ocrx_word' id='word_1_22' title='bbox 603 580 890 645; x_wconf 87' lang='lat' dir='ltr'>litaniam</span> <span class='ocrx_word' id='word_1_23' title='bbox 933 576 1292 643; x_wconf 89' lang='lat' dir='ltr'>ascendunt</span> <span class='ocrx_word' id='word_1_24' title='bbox 1327 577 1410 642; x_wconf 90' lang='lat' dir='ltr'>ad</span> <span class='ocrx_word' id='word_1_25' title='bbox 1449 576 1697 658; x_wconf 82' lang='lat' dir='ltr'>sedem,</span> <span class='ocrx_word' id='word_1_26' title='bbox 1738 576 1931 641; x_wconf 87' lang='lat' dir='ltr'>simul</span> <span class='ocrx_word' id='word_1_27' title='bbox 1958 575 2268 665; x_wconf 76' lang='lat' dir='ltr'>Episcopi</span> <span class='ocrx_word' id='word_1_28' title='bbox 2310 585 2376 641; x_wconf 91' lang='lat' dir='ltr'>et</span> <span class='ocrx_word' id='word_1_29' title='bbox 2404 576 2829 663; x_wconf 57' lang='lat' dir='ltr'>Presbyteri:</span> 
     </span>
     <span class='ocr_line' id='line_1_4' title="bbox 414 676 2825 768; baseline -0.002 -21"><span class='ocrx_word' id='word_1_30' title='bbox 414 682 599 747; x_wconf 88' lang='lat' dir='ltr'>Tunc</span> <span class='ocrx_word' id='word_1_31' title='bbox 637 679 1001 768; x_wconf 78' lang='lat' dir='ltr'>Episcopus</span> <span class='ocrx_word' id='word_1_32' title='bbox 1035 676 1428 741; x_wconf 86' lang='lat' dir='ltr'>Albanensis</span> <span class='ocrx_word' id='word_1_33' title='bbox 1473 676 1585 741; x_wconf 88' lang='lat' dir='ltr'>dat</span> <span class='ocrx_word' id='word_1_34' title='bbox 1628 676 1987 743; x_wconf 88' lang='lat' dir='ltr'>orationem</span> <span class='ocrx_word' id='word_1_35' title='bbox 2030 676 2339 763; x_wconf 84' lang='lat' dir='ltr'>primam:</span> <span class='ocrx_word' id='word_1_36' title='bbox 2386 677 2625 743; x_wconf 86' lang='lat' dir='ltr'>deinde</span> <span class='ocrx_word' id='word_1_37' title='bbox 2658 677 2825 765; x_wconf 83' lang='lat' dir='ltr'>Epi-</span> 
     </span>
     <span class='ocr_line' id='line_1_5' title="bbox 413 776 2825 870; baseline -0.002 -21"><span class='ocrx_word' id='word_1_38' title='bbox 413 804 646 870; x_wconf 86' lang='lat' dir='ltr'>scopus</span> <span class='ocrx_word' id='word_1_39' title='bbox 690 778 1068 846; x_wconf 87' lang='lat' dir='ltr'>Portuensis</span> <span class='ocrx_word' id='word_1_40' title='bbox 1130 777 1240 841; x_wconf 87' lang='lat' dir='ltr'>dat</span> <span class='ocrx_word' id='word_1_41' title='bbox 1295 777 1655 842; x_wconf 86' lang='lat' dir='ltr'>orationem</span> <span class='ocrx_word' id='word_1_42' title='bbox 1696 776 2087 843; x_wconf 80' lang='lat' dir='ltr'>secundam:</span> <span class='ocrx_word' id='word_1_43' title='bbox 2150 778 2568 863; x_wconf 83' lang='lat' dir='ltr'>postmodum</span> <span class='ocrx_word' id='word_1_44' title='bbox 2608 778 2825 845; x_wconf 84' lang='lat' dir='ltr'>addu-</span> 
     </span>
     <span class='ocr_line' id='line_1_6' title="bbox 419 877 2827 966; baseline -0.002 -17"><span class='ocrx_word' id='word_1_45' title='bbox 419 890 650 951; x_wconf 86' lang='lat' dir='ltr'>cuntur</span> <span class='ocrx_word' id='word_1_46' title='bbox 688 879 1068 966; x_wconf 82' lang='lat' dir='ltr'>Evangelia,</span> <span class='ocrx_word' id='word_1_47' title='bbox 1113 886 1182 943; x_wconf 88' lang='lat' dir='ltr'>et</span> <span class='ocrx_word' id='word_1_48' title='bbox 1212 877 1607 965; x_wconf 87' lang='lat' dir='ltr'>aperiuntur,</span> <span class='ocrx_word' id='word_1_49' title='bbox 1654 886 1721 941; x_wconf 89' lang='lat' dir='ltr'>et</span> <span class='ocrx_word' id='word_1_50' title='bbox 1766 886 2071 943; x_wconf 85' lang='lat' dir='ltr'>tenentur</span> <span class='ocrx_word' id='word_1_51' title='bbox 2119 898 2319 964; x_wconf 87' lang='lat' dir='ltr'>super</span> <span class='ocrx_word' id='word_1_52' title='bbox 2362 886 2555 965; x_wconf 86' lang='lat' dir='ltr'>caput</span> <span class='ocrx_word' id='word_1_53' title='bbox 2598 878 2827 946; x_wconf 87' lang='lat' dir='ltr'>Electi</span> 
     </span>
     <span class='ocr_line' id='line_1_7' title="bbox 411 972 2821 1065; baseline -0.002 -16"><span class='ocrx_word' id='word_1_54' title='bbox 411 1007 450 1049; x_wconf 89' lang='lat' dir='ltr'>a</span> <span class='ocrx_word' id='word_1_55' title='bbox 485 979 900 1047; x_wconf 88' lang='lat' dir='ltr'>Diaconibus.</span> <span class='ocrx_word' id='word_1_56' title='bbox 969 978 1153 1045; x_wconf 76' lang='lat' dir='ltr'>Tunc</span> <span class='ocrx_word' id='word_1_57' title='bbox 1195 972 1559 1065; x_wconf 77' lang='lat' dir='ltr'>Episcopus</span> <span class='ocrx_word' id='word_1_58' title='bbox 1604 976 1925 1045; x_wconf 82' lang='lat' dir='ltr'>Ostiensis</span> <span class='ocrx_word' id='word_1_59' title='bbox 1968 986 2301 1044; x_wconf 81' lang='lat' dir='ltr'>consecrat</span> <span class='ocrx_word' id='word_1_60' title='bbox 2344 998 2495 1043; x_wconf 88' lang='lat' dir='ltr'>eum</span> <span class='ocrx_word' id='word_1_61' title='bbox 2538 978 2821 1045; x_wconf 82' lang='lat' dir='ltr'>Pontifi-</span> 
     </span>
     <span class='ocr_line' id='line_1_8' title="bbox 409 1076 2815 1165; baseline -0.002 -16"><span class='ocrx_word' id='word_1_62' title='bbox 409 1106 569 1149; x_wconf 81' lang='lat' dir='ltr'>cem.</span> <span class='ocrx_word' id='word_1_63' title='bbox 659 1082 820 1147; x_wconf 88' lang='lat' dir='ltr'>Post</span> <span class='ocrx_word' id='word_1_64' title='bbox 857 1082 1020 1145; x_wconf 91' lang='lat' dir='ltr'>haec</span> <span class='ocrx_word' id='word_1_65' title='bbox 1063 1077 1577 1143; x_wconf 80' lang='lat' dir='ltr'>Archidiaconus</span> <span class='ocrx_word' id='word_1_66' title='bbox 1618 1077 1901 1143; x_wconf 79' lang='lat' dir='ltr'>annectit</span> <span class='ocrx_word' id='word_1_67' title='bbox 1940 1076 2003 1141; x_wconf 90' lang='lat' dir='ltr'>ei</span> <span class='ocrx_word' id='word_1_68' title='bbox 2042 1076 2349 1165; x_wconf 87' lang='lat' dir='ltr'>pallium,</span> <span class='ocrx_word' id='word_1_69' title='bbox 2422 1077 2665 1145; x_wconf 87' lang='lat' dir='ltr'>deinde</span> <span class='ocrx_word' id='word_1_70' title='bbox 2710 1104 2815 1145; x_wconf 86' lang='lat' dir='ltr'>as—</span> 
     </span>
     <span class='ocr_line' id='line_1_9' title="bbox 407 1176 2817 1265; baseline -0.001 -16"><span class='ocrx_word' id='word_1_71' title='bbox 407 1184 630 1249; x_wconf 89' lang='lat' dir='ltr'>cendit</span> <span class='ocrx_word' id='word_1_72' title='bbox 667 1183 749 1247; x_wconf 86' lang='lat' dir='ltr'>ad</span> <span class='ocrx_word' id='word_1_73' title='bbox 795 1181 1040 1262; x_wconf 85' lang='lat' dir='ltr'>sedem,</span> <span class='ocrx_word' id='word_1_74' title='bbox 1089 1188 1154 1244; x_wconf 89' lang='lat' dir='ltr'>et</span> <span class='ocrx_word' id='word_1_75' title='bbox 1195 1178 1308 1243; x_wconf 91' lang='lat' dir='ltr'>dat</span> <span class='ocrx_word' id='word_1_76' title='bbox 1347 1200 1577 1265; x_wconf 87' lang='lat' dir='ltr'>pacem</span> <span class='ocrx_word' id='word_1_77' title='bbox 1624 1179 1921 1245; x_wconf 87' lang='lat' dir='ltr'>omnibus</span> <span class='ocrx_word' id='word_1_78' title='bbox 1968 1176 2457 1261; x_wconf 80' lang='lat' dir='ltr'>SacerdotibuS‚</span> <span class='ocrx_word' id='word_1_79' title='bbox 2500 1187 2569 1245; x_wconf 90' lang='lat' dir='ltr'>et</span> <span class='ocrx_word' id='word_1_80' title='bbox 2614 1180 2817 1247; x_wconf 86' lang='lat' dir='ltr'>dicit:</span> 
     </span>
    </p>
   </div>
   <div class='ocr_carea' id='block_1_3' title="bbox 420 1278 1306 1351">
    <p class='ocr_par' dir='ltr' id='par_1_3' title="bbox 420 1278 1306 1351">
     <span class='ocr_line' id='line_1_10' title="bbox 420 1278 1306 1351; baseline -0.01 0"><span class='ocrx_word' id='word_1_81' title='bbox 420 1283 655 1351; x_wconf 75' lang='lat' dir='ltr'>Gloria</span> <span class='ocrx_word' id='word_1_82' title='bbox 697 1286 767 1346; x_wconf 79' lang='lat' dir='ltr'>in</span> <span class='ocrx_word' id='word_1_83' title='bbox 813 1282 1090 1347; x_wconf 76' lang='lat' dir='ltr'>excelsis</span> <span class='ocrx_word' id='word_1_84' title='bbox 1141 1278 1306 1345; x_wconf 76' lang='lat' dir='ltr'>Deo·</span> 
     </span>
    </p>
   </div>
   <div class='ocr_carea' id='block_1_4' title="bbox 1215 1428 1988 1655">
    <p class='ocr_par' dir='ltr' id='par_1_4' title="bbox 1215 1428 1988 1655">
     <span class='ocr_line' id='line_1_11' title="bbox 1401 1428 1824 1495; baseline -0.005 0"><span class='ocrx_word' id='word_1_85' title='bbox 1401 1428 1656 1495; x_wconf 84' lang='lat' dir='ltr'>Titulus</span> <span class='ocrx_word' id='word_1_86' title='bbox 1702 1428 1824 1495; x_wconf 86' lang='lat' dir='ltr'>IX.</span> 
     </span>
     <span class='ocr_line' id='line_1_12' title="bbox 1215 1556 1988 1655; baseline -0.001 -32"><span class='ocrx_word' id='word_1_87' title='bbox 1215 1558 1588 1623; x_wconf 75' lang='lat' dir='ltr'>Indiculum</span> <span class='ocrx_word' id='word_1_88' title='bbox 1629 1556 1988 1655; x_wconf 65' lang='lat' dir='ltr'>Pontfficis.</span> 
     </span>
    </p>
   </div>
   <div class='ocr_carea' id='block_1_5' title="bbox 310 1690 2940 4585">
    <p class='ocr_par' dir='ltr' id='par_1_5' title="bbox 315 1690 2825 2683">
     <span class='ocr_line' id='line_1_13' title="bbox 576 1690 2823 1776; baseline 0 -17"><span class='ocrx_word' id='word_1_89' title='bbox 576 1692 658 1759; x_wconf 89' lang='lat' dir='ltr'>In</span> <span class='ocrx_word' id='word_1_90' title='bbox 716 1693 978 1759; x_wconf 85' lang='lat' dir='ltr'>nominc</span> <span class='ocrx_word' id='word_1_91' title='bbox 1024 1692 1292 1758; x_wconf 88' lang='lat' dir='ltr'>Domini</span> <span class='ocrx_word' id='word_1_92' title='bbox 1331 1692 1461 1758; x_wconf 89' lang='lat' dir='ltr'>Dei</span> <span class='ocrx_word' id='word_1_93' title='bbox 1506 1690 1861 1759; x_wconf 82' lang='lat' dir='ltr'>Salvatoris</span> <span class='ocrx_word' id='word_1_94' title='bbox 1902 1692 2107 1757; x_wconf 83' lang='lat' dir='ltr'>nostri</span> <span class='ocrx_word' id='word_1_95' title='bbox 2150 1690 2304 1757; x_wconf 84' lang='lat' dir='ltr'>Iesu</span> <span class='ocrx_word' id='word_1_96' title='bbox 2346 1690 2627 1776; x_wconf 84' lang='lat' dir='ltr'>Christi,</span> <span class='ocrx_word' id='word_1_97' title='bbox 2690 1702 2823 1759; x_wconf 88' lang='lat' dir='ltr'>etc.</span> 
     </span>
     <span class='ocr_line' id='line_1_14' title="bbox 411 1792 2819 1881; baseline 0 -24"><span class='ocrx_word' id='word_1_98' title='bbox 411 1792 774 1859; x_wconf 88' lang='lat' dir='ltr'>Indictione</span> <span class='ocrx_word' id='word_1_99' title='bbox 815 1794 918 1859; x_wconf 88' lang='lat' dir='ltr'>Ill.</span> <span class='ocrx_word' id='word_1_100' title='bbox 978 1816 1200 1859; x_wconf 89' lang='lat' dir='ltr'>mense</span> <span class='ocrx_word' id='word_1_101' title='bbox 1247 1792 1352 1858; x_wconf 91' lang='lat' dir='ltr'>Ill.</span> <span class='ocrx_word' id='word_1_102' title='bbox 1413 1792 1559 1881; x_wconf 85' lang='lat' dir='ltr'>Ego</span> <span class='ocrx_word' id='word_1_103' title='bbox 1606 1793 1711 1857; x_wconf 92' lang='lat' dir='ltr'>Ill.</span> <span class='ocrx_word' id='word_1_104' title='bbox 1768 1792 2209 1858; x_wconf 81' lang='lat' dir='ltr'>misericordia</span> <span class='ocrx_word' id='word_1_105' title='bbox 2254 1793 2385 1858; x_wconf 90' lang='lat' dir='ltr'>Dei</span> <span class='ocrx_word' id='word_1_106' title='bbox 2432 1792 2819 1881; x_wconf 77' lang='lat' dir='ltr'>Presbyter,</span> 
     </span>
     <span class='ocr_line' id='line_1_15' title="bbox 315 1892 2823 1981; baseline 0.001 -25"><span class='ocrx_word' id='word_1_107' title='bbox 315 1962 329 1976; x_wconf 58' lang='lat'>‚</span> <span class='ocrx_word' id='word_1_108' title='bbox 413 1902 482 1957; x_wconf 89' lang='lat' dir='ltr'>et</span> <span class='ocrx_word' id='word_1_109' title='bbox 531 1892 797 1959; x_wconf 88' lang='lat' dir='ltr'>Electus</span> <span class='ocrx_word' id='word_1_110' title='bbox 816 1943 836 1977; x_wconf 91' lang='lat'>,</span> <span class='ocrx_word' id='word_1_111' title='bbox 905 1895 1288 1979; x_wconf 86' lang='lat' dir='ltr'>futurusque</span> <span class='ocrx_word' id='word_1_112' title='bbox 1356 1914 1480 1980; x_wconf 89' lang='lat' dir='ltr'>per</span> <span class='ocrx_word' id='word_1_113' title='bbox 1540 1893 1669 1959; x_wconf 90' lang='lat' dir='ltr'>Dei</span> <span class='ocrx_word' id='word_1_114' title='bbox 1730 1893 2003 1980; x_wconf 77' lang='lat' dir='ltr'>gratiam</span> <span class='ocrx_word' id='word_1_115' title='bbox 2062 1892 2323 1958; x_wconf 88' lang='lat' dir='ltr'>humilis</span> <span class='ocrx_word' id='word_1_116' title='bbox 2387 1894 2823 1981; x_wconf 85' lang='lat' dir='ltr'>Apostolicae</span> 
     </span>
     <span class='ocr_line' id='line_1_16' title="bbox 409 1993 2823 2082; baseline 0 -23"><span class='ocrx_word' id='word_1_117' title='bbox 409 1993 585 2059; x_wconf 87' lang='lat' dir='ltr'>sedis</span> <span class='ocrx_word' id='word_1_118' title='bbox 629 1994 924 2059; x_wconf 83' lang='lat' dir='ltr'>Antistes</span> <span class='ocrx_word' id='word_1_119' title='bbox 939 2046 958 2078; x_wconf 90' lang='lat'>,</span> <span class='ocrx_word' id='word_1_120' title='bbox 1021 1996 1136 2061; x_wconf 88' lang='lat' dir='ltr'>tibi</span> <span class='ocrx_word' id='word_1_121' title='bbox 1180 1994 1527 2082; x_wconf 85' lang='lat' dir='ltr'>profiteor,</span> <span class='ocrx_word' id='word_1_122' title='bbox 1590 1996 1778 2059; x_wconf 89' lang='lat' dir='ltr'>beate</span> <span class='ocrx_word' id='word_1_123' title='bbox 1822 1993 2019 2057; x_wconf 88' lang='lat' dir='ltr'>Petre</span> <span class='ocrx_word' id='word_1_124' title='bbox 2038 2040 2057 2076; x_wconf 89' lang='lat'><em>‚</em></span> <span class='ocrx_word' id='word_1_125' title='bbox 2102 1993 2574 2081; x_wconf 76' lang='lat' dir='ltr'>Apostolorum</span> <span class='ocrx_word' id='word_1_126' title='bbox 2622 1996 2823 2060; x_wconf 86' lang='lat' dir='ltr'>Prin-</span> 
     </span>
     <span class='ocr_line' id='line_1_17' title="bbox 409 2092 2823 2182; baseline 0.002 -25"><span class='ocrx_word' id='word_1_127' title='bbox 409 2113 600 2179; x_wconf 81' lang='lat' dir='ltr'>ceps„</span> <span class='ocrx_word' id='word_1_128' title='bbox 645 2092 774 2177; x_wconf 90' lang='lat' dir='ltr'>(cui</span> <span class='ocrx_word' id='word_1_129' title='bbox 819 2096 1031 2160; x_wconf 87' lang='lat' dir='ltr'>claves</span> <span class='ocrx_word' id='word_1_130' title='bbox 1073 2096 1264 2182; x_wconf 86' lang='lat' dir='ltr'>regni</span> <span class='ocrx_word' id='word_1_131' title='bbox 1306 2094 1633 2159; x_wconf 89' lang='lat' dir='ltr'>caelorum</span> <span class='ocrx_word' id='word_1_132' title='bbox 1675 2093 1759 2157; x_wconf 90' lang='lat' dir='ltr'>ad</span> <span class='ocrx_word' id='word_1_133' title='bbox 1800 2093 2139 2179; x_wconf 85' lang='lat' dir='ltr'>ligandum</span> <span class='ocrx_word' id='word_1_134' title='bbox 2176 2103 2369 2179; x_wconf 86' lang='lat' dir='ltr'>atque</span> <span class='ocrx_word' id='word_1_135' title='bbox 2416 2096 2823 2161; x_wconf 85' lang='lat' dir='ltr'>solvendum</span> 
     </span>
     <span class='ocr_line' id='line_1_18' title="bbox 405 2191 2825 2280; baseline 0.003 -26"><span class='ocrx_word' id='word_1_136' title='bbox 405 2191 473 2255; x_wconf 91' lang='lat' dir='ltr'>in</span> <span class='ocrx_word' id='word_1_137' title='bbox 519 2193 698 2256; x_wconf 91' lang='lat' dir='ltr'>caelo</span> <span class='ocrx_word' id='word_1_138' title='bbox 743 2201 809 2257; x_wconf 89' lang='lat' dir='ltr'>et</span> <span class='ocrx_word' id='word_1_139' title='bbox 851 2193 920 2257; x_wconf 89' lang='lat' dir='ltr'>in</span> <span class='ocrx_word' id='word_1_140' title='bbox 965 2203 1155 2276; x_wconf 87' lang='lat' dir='ltr'>terra,</span> <span class='ocrx_word' id='word_1_141' title='bbox 1199 2201 1450 2258; x_wconf 89' lang='lat' dir='ltr'>creator</span> <span class='ocrx_word' id='word_1_142' title='bbox 1492 2201 1684 2277; x_wconf 80' lang='lat' dir='ltr'>atque</span> <span class='ocrx_word' id='word_1_143' title='bbox 1730 2191 2113 2280; x_wconf 78' lang='lat' dir='ltr'>redemptor</span> <span class='ocrx_word' id='word_1_144' title='bbox 2154 2194 2441 2259; x_wconf 88' lang='lat' dir='ltr'>omnium</span> <span class='ocrx_word' id='word_1_145' title='bbox 2482 2195 2825 2261; x_wconf 88' lang='lat' dir='ltr'>Dominus</span> 
     </span>
     <span class='ocr_line' id='line_1_19' title="bbox 405 2289 2825 2381; baseline 0.002 -27"><span class='ocrx_word' id='word_1_146' title='bbox 405 2289 588 2355; x_wconf 90' lang='lat' dir='ltr'>Iesus</span> <span class='ocrx_word' id='word_1_147' title='bbox 640 2290 974 2377; x_wconf 81' lang='lat' dir='ltr'>ChristuS,</span> <span class='ocrx_word' id='word_1_148' title='bbox 1019 2293 1316 2376; x_wconf 84' lang='lat' dir='ltr'>tradidit,</span> <span class='ocrx_word' id='word_1_149' title='bbox 1373 2292 1707 2377; x_wconf 81' lang='lat' dir='ltr'>inquiens3</span> <span class='ocrx_word' id='word_1_150' title='bbox 1756 2290 2211 2381; x_wconf 74' lang='lat' dir='ltr'>Quaecumque</span> <span class='ocrx_word' id='word_1_151' title='bbox 2259 2294 2567 2381; x_wconf 67' lang='lat' dir='ltr'>liyaveris</span> <span class='ocrx_word' id='word_1_152' title='bbox 2611 2318 2825 2381; x_wconf 75' lang='lat' dir='ltr'>super</span> 
     </span>
     <span class='ocr_line' id='line_1_20' title="bbox 407 2394 2824 2483; baseline 0.002 -30"><span class='ocrx_word' id='word_1_153' title='bbox 407 2404 665 2474; x_wconf 78' lang='lat' dir='ltr'>terra-m,</span> <span class='ocrx_word' id='word_1_154' title='bbox 720 2408 906 2459; x_wconf 77' lang='lat' dir='ltr'>erunt</span> <span class='ocrx_word' id='word_1_155' title='bbox 964 2396 1173 2483; x_wconf 72' lang='lat' dir='ltr'>Ziqata</span> <span class='ocrx_word' id='word_1_156' title='bbox 1217 2407 1278 2457; x_wconf 84' lang='lat' dir='ltr'>et</span> <span class='ocrx_word' id='word_1_157' title='bbox 1321 2396 1391 2457; x_wconf 79' lang='lat' dir='ltr'>in</span> <span class='ocrx_word' id='word_1_158' title='bbox 1438 2394 1621 2457; x_wconf 82' lang='lat' dir='ltr'>caelo</span> <span class='ocrx_word' id='word_1_159' title='bbox 1642 2416 1665 2473; x_wconf 91' lang='lat'>‚·</span> <span class='ocrx_word' id='word_1_160' title='bbox 1708 2406 1771 2455; x_wconf 76' lang='lat' dir='ltr'>et</span> <span class='ocrx_word' id='word_1_161' title='bbox 1813 2414 2243 2481; x_wconf 75' lang='lat' dir='ltr'>quaecumque</span> <span class='ocrx_word' id='word_1_162' title='bbox 2284 2394 2559 2457; x_wconf 77' lang='lat' dir='ltr'>solveris</span> <span class='ocrx_word' id='word_1_163' title='bbox 2604 2418 2824 2481; x_wconf 78' lang='lat' dir='ltr'>super</span> 
     </span>
     <span class='ocr_line' id='line_1_21' title="bbox 409 2488 2820 2581; baseline 0.002 -25"><span class='ocrx_word' id='word_1_164' title='bbox 409 2505 669 2573; x_wconf 80' lang='lat' dir='ltr'>terram,</span> <span class='ocrx_word' id='word_1_165' title='bbox 701 2510 887 2560; x_wconf 81' lang='lat' dir='ltr'>erunt</span> <span class='ocrx_word' id='word_1_166' title='bbox 919 2496 1135 2560; x_wconf 77' lang='lat' dir='ltr'>soluta</span> <span class='ocrx_word' id='word_1_167' title='bbox 1172 2506 1232 2559; x_wconf 78' lang='lat' dir='ltr'>et</span> <span class='ocrx_word' id='word_1_168' title='bbox 1263 2498 1333 2558; x_wconf 76' lang='lat' dir='ltr'>in</span> <span class='ocrx_word' id='word_1_169' title='bbox 1363 2495 1591 2579; x_wconf 77' lang='lat' dir='ltr'>caelis)</span> <span class='ocrx_word' id='word_1_170' title='bbox 1625 2502 2007 2578; x_wconf 81' lang='lat' dir='ltr'>sanctaeque</span> <span class='ocrx_word' id='word_1_171' title='bbox 2034 2502 2183 2559; x_wconf 87' lang='lat' dir='ltr'>tuae</span> <span class='ocrx_word' id='word_1_172' title='bbox 2212 2488 2563 2577; x_wconf 84' lang='lat' dir='ltr'>Ecclesiae,</span> <span class='ocrx_word' id='word_1_173' title='bbox 2612 2516 2820 2581; x_wconf 85' lang='lat' dir='ltr'>quam</span> 
     </span>
     <span class='ocr_line' id='line_1_22' title="bbox 408 2592 1855 2683; baseline -0.001 -26"><span class='ocrx_word' id='word_1_174' title='bbox 408 2592 605 2658; x_wconf 89' lang='lat' dir='ltr'>hodie</span> <span class='ocrx_word' id='word_1_175' title='bbox 650 2602 760 2659; x_wconf 88' lang='lat' dir='ltr'>tuo</span> <span class='ocrx_word' id='word_1_176' title='bbox 801 2596 1126 2683; x_wconf 90' lang='lat' dir='ltr'>praesidio</span> <span class='ocrx_word' id='word_1_177' title='bbox 1169 2596 1530 2681; x_wconf 86' lang='lat' dir='ltr'>regendam</span> <span class='ocrx_word' id='word_1_178' title='bbox 1578 2592 1855 2680; x_wconf 86' lang='lat' dir='ltr'>suscepi.</span> 
     </span>
    </p>

    <p class='ocr_par' dir='ltr' id='par_1_6' title="bbox 403 2692 2940 3178">
     <span class='ocr_line' id='line_1_23' title="bbox 568 2692 2827 2779; baseline 0.003 -22"><span class='ocrx_word' id='word_1_179' title='bbox 568 2694 756 2758; x_wconf 91' lang='lat' dir='ltr'>Hanc</span> <span class='ocrx_word' id='word_1_180' title='bbox 812 2716 1007 2759; x_wconf 86' lang='lat' dir='ltr'>verae</span> <span class='ocrx_word' id='word_1_181' title='bbox 1072 2695 1228 2760; x_wconf 89' lang='lat' dir='ltr'>fidei</span> <span class='ocrx_word' id='word_1_182' title='bbox 1285 2692 1743 2760; x_wconf 87' lang='lat' dir='ltr'>rectitudinem</span> <span class='ocrx_word' id='word_1_183' title='bbox 1808 2692 2031 2779; x_wconf 84' lang='lat' dir='ltr'>(quam</span> <span class='ocrx_word' id='word_1_184' title='bbox 2076 2692 2336 2759; x_wconf 83' lang='lat' dir='ltr'>Christo</span> <span class='ocrx_word' id='word_1_185' title='bbox 2400 2704 2625 2761; x_wconf 89' lang='lat' dir='ltr'>autore</span> <span class='ocrx_word' id='word_1_186' title='bbox 2686 2706 2827 2763; x_wconf 88' lang='lat' dir='ltr'>tra-</span> 
     </span>
     <span class='ocr_line' id='line_1_24' title="bbox 405 2792 2827 2883; baseline 0.002 -26"><span class='ocrx_word' id='word_1_187' title='bbox 405 2793 635 2876; x_wconf 86' lang='lat' dir='ltr'>dente,</span> <span class='ocrx_word' id='word_1_188' title='bbox 681 2816 802 2882; x_wconf 89' lang='lat' dir='ltr'>per</span> <span class='ocrx_word' id='word_1_189' title='bbox 843 2817 1250 2860; x_wconf 86' lang='lat' dir='ltr'>successores</span> <span class='ocrx_word' id='word_1_190' title='bbox 1298 2803 1443 2860; x_wconf 91' lang='lat' dir='ltr'>tuos</span> <span class='ocrx_word' id='word_1_191' title='bbox 1489 2803 1681 2879; x_wconf 89' lang='lat' dir='ltr'>atque</span> <span class='ocrx_word' id='word_1_192' title='bbox 1740 2792 2127 2881; x_wconf 83' lang='lat' dir='ltr'>discipulos,</span> <span class='ocrx_word' id='word_1_193' title='bbox 2170 2816 2377 2879; x_wconf 89' lang='lat' dir='ltr'>usque</span> <span class='ocrx_word' id='word_1_194' title='bbox 2422 2796 2504 2860; x_wconf 90' lang='lat' dir='ltr'>ad</span> <span class='ocrx_word' id='word_1_195' title='bbox 2554 2797 2827 2883; x_wconf 81' lang='lat' dir='ltr'>exigui-</span> 
     </span>
     <span class='ocr_line' id='line_1_25' title="bbox 403 2892 2826 2983; baseline 0.003 -26"><span class='ocrx_word' id='word_1_196' title='bbox 403 2902 600 2958; x_wconf 87' lang='lat' dir='ltr'>tatem</span> <span class='ocrx_word' id='word_1_197' title='bbox 643 2917 853 2959; x_wconf 88' lang='lat' dir='ltr'>meam</span> <span class='ocrx_word' id='word_1_198' title='bbox 900 2897 1247 2983; x_wconf 90' lang='lat' dir='ltr'>perlatam,</span> <span class='ocrx_word' id='word_1_199' title='bbox 1288 2896 1357 2960; x_wconf 91' lang='lat' dir='ltr'>in</span> <span class='ocrx_word' id='word_1_200' title='bbox 1399 2906 1508 2960; x_wconf 88' lang='lat' dir='ltr'>tua</span> <span class='ocrx_word' id='word_1_201' title='bbox 1551 2903 1766 2959; x_wconf 88' lang='lat' dir='ltr'>sancta</span> <span class='ocrx_word' id='word_1_202' title='bbox 1805 2892 2099 2959; x_wconf 86' lang='lat' dir='ltr'>Ecclesia</span> <span class='ocrx_word' id='word_1_203' title='bbox 2142 2894 2381 2983; x_wconf 88' lang='lat' dir='ltr'>reperi,</span> <span class='ocrx_word' id='word_1_204' title='bbox 2425 2896 2575 2961; x_wconf 88' lang='lat' dir='ltr'>totis</span> <span class='ocrx_word' id='word_1_205' title='bbox 2624 2921 2826 2965; x_wconf 89' lang='lat' dir='ltr'>cona-</span> 
     </span>
     <span class='ocr_line' id='line_1_26' title="bbox 405 2993 2940 3084; baseline 0.002 -26"><span class='ocrx_word' id='word_1_206' title='bbox 405 2994 572 3059; x_wconf 88' lang='lat' dir='ltr'>tibus</span> <span class='ocrx_word' id='word_1_207' title='bbox 615 2996 794 3078; x_wconf 77' lang='lat' dir='ltr'>meiS,</span> <span class='ocrx_word' id='word_1_208' title='bbox 835 3018 1043 3081; x_wconf 87' lang='lat' dir='ltr'>usque</span> <span class='ocrx_word' id='word_1_209' title='bbox 1083 2996 1166 3061; x_wconf 90' lang='lat' dir='ltr'>ad</span> <span class='ocrx_word' id='word_1_210' title='bbox 1206 2996 1482 3061; x_wconf 89' lang='lat' dir='ltr'>animam</span> <span class='ocrx_word' id='word_1_211' title='bbox 1516 3004 1581 3059; x_wconf 91' lang='lat' dir='ltr'>et</span> <span class='ocrx_word' id='word_1_212' title='bbox 1612 2993 1994 3080; x_wconf 83' lang='lat' dir='ltr'>sanguinem</span> <span class='ocrx_word' id='word_1_213' title='bbox 2024 2994 2371 3078; x_wconf 90' lang='lat' dir='ltr'>custodire,</span> <span class='ocrx_word' id='word_1_214' title='bbox 2411 3003 2824 3084; x_wconf 87' lang='lat' dir='ltr'>temporum·</span> <span class='ocrx_word' id='word_1_215' title='bbox 2939 3026 2940 3037; x_wconf 53' lang='lat'>¹</span> 
     </span>
     <span class='ocr_line' id='line_1_27' title="bbox 408 3093 2501 3178; baseline 0.001 -21"><span class='ocrx_word' id='word_1_216' title='bbox 408 3115 534 3178; x_wconf 90' lang='lat' dir='ltr'>que</span> <span class='ocrx_word' id='word_1_217' title='bbox 576 3094 1006 3177; x_wconf 79' lang='lat' dir='ltr'>difficultateS,</span> <span class='ocrx_word' id='word_1_218' title='bbox 1053 3118 1198 3159; x_wconf 90' lang='lat' dir='ltr'>cum</span> <span class='ocrx_word' id='word_1_219' title='bbox 1241 3104 1349 3160; x_wconf 90' lang='lat' dir='ltr'>tuo</span> <span class='ocrx_word' id='word_1_220' title='bbox 1395 3094 1735 3176; x_wconf 88' lang='lat' dir='ltr'>adiutorio,</span> <span class='ocrx_word' id='word_1_221' title='bbox 1780 3093 2135 3158; x_wconf 84' lang='lat' dir='ltr'>toleranter</span> <span class='ocrx_word' id='word_1_222' title='bbox 2176 3095 2501 3173; x_wconf 82' lang='lat' dir='ltr'>sufferre.)</span> 
     </span>
    </p>

    <p class='ocr_par' dir='ltr' id='par_1_7' title="bbox 310 3192 2938 3985">
     <span class='ocr_line' id='line_1_28' title="bbox 573 3192 2827 3279; baseline 0.002 -20"><span class='ocrx_word' id='word_1_223' title='bbox 573 3194 733 3259; x_wconf 86' lang='lat' dir='ltr'>Tam</span> <span class='ocrx_word' id='word_1_224' title='bbox 780 3193 860 3259; x_wconf 90' lang='lat' dir='ltr'>de</span> <span class='ocrx_word' id='word_1_225' title='bbox 908 3204 1165 3260; x_wconf 91' lang='lat' dir='ltr'>sanctae</span> <span class='ocrx_word' id='word_1_226' title='bbox 1207 3204 1271 3259; x_wconf 93' lang='lat' dir='ltr'>et</span> <span class='ocrx_word' id='word_1_227' title='bbox 1308 3194 1685 3259; x_wconf 82' lang='lat' dir='ltr'>individuae</span> <span class='ocrx_word' id='word_1_228' title='bbox 1713 3192 2044 3259; x_wconf 87' lang='lat' dir='ltr'>Trinitatis</span> <span class='ocrx_word' id='word_1_229' title='bbox 2073 3194 2404 3279; x_wconf 82' lang='lat' dir='ltr'>mysterio,</span> <span class='ocrx_word' id='word_1_230' title='bbox 2448 3216 2613 3279; x_wconf 85' lang='lat' dir='ltr'>quae</span> <span class='ocrx_word' id='word_1_231' title='bbox 2644 3220 2827 3263; x_wconf 88' lang='lat' dir='ltr'>unus</span> 
     </span>
     <span class='ocr_line' id='line_1_29' title="bbox 408 3284 2938 3383; baseline 0.002 -25"><span class='ocrx_word' id='word_1_232' title='bbox 408 3302 506 3359; x_wconf 89' lang='lat' dir='ltr'>est</span> <span class='ocrx_word' id='word_1_233' title='bbox 547 3294 766 3377; x_wconf 84' lang='lat' dir='ltr'>Deus3</span> <span class='ocrx_word' id='word_1_234' title='bbox 817 3318 1007 3380; x_wconf 89' lang='lat' dir='ltr'>quam</span> <span class='ocrx_word' id='word_1_235' title='bbox 1053 3295 1135 3359; x_wconf 92' lang='lat' dir='ltr'>de</span> <span class='ocrx_word' id='word_1_236' title='bbox 1183 3296 1682 3383; x_wconf 87' lang='lat' dir='ltr'>dispensatione,</span> <span class='ocrx_word' id='word_1_237' title='bbox 1735 3314 1897 3379; x_wconf 89' lang='lat' dir='ltr'>quae</span> <span class='ocrx_word' id='word_1_238' title='bbox 1945 3294 2299 3358; x_wconf 89' lang='lat' dir='ltr'>secundum</span> <span class='ocrx_word' id='word_1_239' title='bbox 2344 3317 2603 3360; x_wconf 90' lang='lat' dir='ltr'>carnem</span> <span class='ocrx_word' id='word_1_240' title='bbox 2644 3296 2826 3363; x_wconf 82' lang='lat' dir='ltr'>facta</span> <span class='ocrx_word' id='word_1_241' title='bbox 2937 3284 2938 3289; x_wconf 8' lang='grc' dir='ltr'>ἵ</span> 
     </span>
     <span class='ocr_line' id='line_1_30' title="bbox 409 3392 2815 3481; baseline 0.001 -22"><span class='ocrx_word' id='word_1_242' title='bbox 409 3402 538 3477; x_wconf 91' lang='lat' dir='ltr'>est,</span> <span class='ocrx_word' id='word_1_243' title='bbox 579 3394 920 3481; x_wconf 84' lang='lat' dir='ltr'>Unigeniti</span> <span class='ocrx_word' id='word_1_244' title='bbox 961 3394 1110 3460; x_wconf 87' lang='lat' dir='ltr'>Filii</span> <span class='ocrx_word' id='word_1_245' title='bbox 1152 3395 1304 3474; x_wconf 89' lang='lat' dir='ltr'>Dei,</span> <span class='ocrx_word' id='word_1_246' title='bbox 1353 3395 1620 3460; x_wconf 87' lang='lat' dir='ltr'>Domini</span> <span class='ocrx_word' id='word_1_247' title='bbox 1663 3394 1866 3459; x_wconf 86' lang='lat' dir='ltr'>nostri</span> <span class='ocrx_word' id='word_1_248' title='bbox 1908 3394 2062 3459; x_wconf 89' lang='lat' dir='ltr'>Iesu</span> <span class='ocrx_word' id='word_1_249' title='bbox 2108 3392 2372 3479; x_wconf 83' lang='lat' dir='ltr'>Christi,</span> <span class='ocrx_word' id='word_1_250' title='bbox 2415 3403 2481 3457; x_wconf 91' lang='lat' dir='ltr'>et</span> <span class='ocrx_word' id='word_1_251' title='bbox 2526 3394 2610 3459; x_wconf 83' lang='lat' dir='ltr'>&#39;de</span> <span class='ocrx_word' id='word_1_252' title='bbox 2662 3420 2815 3462; x_wconf 89' lang='lat' dir='ltr'>cae-</span> 
     </span>
     <span class='ocr_line' id='line_1_31' title="bbox 405 3492 2829 3580; baseline 0.002 -23"><span class='ocrx_word' id='word_1_253' title='bbox 405 3494 560 3559; x_wconf 87' lang='lat' dir='ltr'>teris</span> <span class='ocrx_word' id='word_1_254' title='bbox 605 3494 936 3560; x_wconf 90' lang='lat' dir='ltr'>Ecclesiae</span> <span class='ocrx_word' id='word_1_255' title='bbox 984 3494 1430 3580; x_wconf 78' lang='lat' dir='ltr'>dogmatibuS,</span> <span class='ocrx_word' id='word_1_256' title='bbox 1477 3496 1643 3559; x_wconf 88' lang='lat' dir='ltr'>sicut</span> <span class='ocrx_word' id='word_1_257' title='bbox 1703 3494 1769 3558; x_wconf 91' lang='lat' dir='ltr'>in</span> <span class='ocrx_word' id='word_1_258' title='bbox 1831 3494 2299 3559; x_wconf 81' lang='lat' dir='ltr'>universalibus</span> <span class='ocrx_word' id='word_1_259' title='bbox 2348 3492 2659 3560; x_wconf 85' lang='lat' dir='ltr'>Conciliis</span> <span class='ocrx_word' id='word_1_260' title='bbox 2682 3544 2705 3577; x_wconf 89' lang='lat'>,</span> <span class='ocrx_word' id='word_1_261' title='bbox 2758 3508 2829 3561; x_wconf 85' lang='lat' dir='ltr'>et</span> 
     </span>
     <span class='ocr_line' id='line_1_32' title="bbox 408 3584 2936 3700; baseline 0.001 -39"><span class='ocrx_word' id='word_1_262' title='bbox 408 3592 788 3661; x_wconf 86' lang='lat' dir='ltr'>Constitutis</span> <span class='ocrx_word' id='word_1_263' title='bbox 857 3594 1392 3683; x_wconf 86' lang='lat' dir='ltr'>Apostolicorum</span> <span class='ocrx_word' id='word_1_264' title='bbox 1452 3594 1841 3659; x_wconf 88' lang='lat' dir='ltr'>Pontificum</span> <span class='ocrx_word' id='word_1_265' title='bbox 1906 3596 2548 3683; x_wconf 87' lang='lat' dir='ltr'>probatissimorum,</span> <span class='ocrx_word' id='word_1_266' title='bbox 2614 3604 2823 3681; x_wconf 89' lang='lat' dir='ltr'>atque</span> <span class='ocrx_word' id='word_1_267' title='bbox 2934 3584 2936 3700; x_wconf 62' lang='lat'>]</span> 
     </span>
     <span class='ocr_line' id='line_1_33' title="bbox 401 3692 2823 3781; baseline 0.001 -22"><span class='ocrx_word' id='word_1_268' title='bbox 401 3692 763 3761; x_wconf 86' lang='lat' dir='ltr'>Doctorum</span> <span class='ocrx_word' id='word_1_269' title='bbox 789 3694 1124 3760; x_wconf 84' lang='lat' dir='ltr'>Ecclesiae</span> <span class='ocrx_word' id='word_1_270' title='bbox 1168 3692 1422 3781; x_wconf 87' lang='lat' dir='ltr'>scriptis</span> <span class='ocrx_word' id='word_1_271' title='bbox 1466 3703 1617 3758; x_wconf 89' lang='lat' dir='ltr'>sunt</span> <span class='ocrx_word' id='word_1_272' title='bbox 1646 3694 2120 3776; x_wconf 81' lang='lat' dir='ltr'>commendata3</span> <span class='ocrx_word' id='word_1_273' title='bbox 2162 3694 2321 3761; x_wconf 88' lang='lat' dir='ltr'>item</span> <span class='ocrx_word' id='word_1_274' title='bbox 2364 3714 2823 3781; x_wconf 89' lang='lat' dir='ltr'>quaecumque</span> 
     </span>
     <span class='ocr_line' id='line_1_34' title="bbox 310 3794 2934 3880; baseline 0.001 -21"><span class='ocrx_word' id='word_1_275' title='bbox 310 3804 316 3808; x_wconf 79' lang='grc'><strong>’</strong></span> <span class='ocrx_word' id='word_1_276' title='bbox 401 3794 977 3861; x_wconf 83' lang='lat' dir='ltr'>adrectitudinem</span> <span class='ocrx_word' id='word_1_277' title='bbox 1016 3804 1269 3860; x_wconf 83' lang='lat' dir='ltr'>vestrae</span> <span class='ocrx_word' id='word_1_278' title='bbox 1314 3802 1701 3880; x_wconf 87' lang='lat' dir='ltr'>nostraeque</span> <span class='ocrx_word' id='word_1_279' title='bbox 1748 3794 2148 3861; x_wconf 83' lang='lat' dir='ltr'>orthodoxae</span> <span class='ocrx_word' id='word_1_280' title='bbox 2194 3796 2370 3878; x_wconf 86' lang='lat' dir='ltr'>fidei,</span> <span class='ocrx_word' id='word_1_281' title='bbox 2414 3817 2451 3858; x_wconf 90' lang='lat' dir='ltr'>a</span> <span class='ocrx_word' id='word_1_282' title='bbox 2490 3802 2556 3858; x_wconf 89' lang='lat' dir='ltr'>te</span> <span class='ocrx_word' id='word_1_283' title='bbox 2602 3798 2815 3861; x_wconf 86' lang='lat' dir='ltr'>tradi·</span> <span class='ocrx_word' id='word_1_284' title='bbox 2932 3846 2934 3869; x_wconf 31' lang='grc' dir='ltr'><strong>ᾗ</strong></span> 
     </span>
     <span class='ocr_line' id='line_1_35' title="bbox 407 3896 1394 3985; baseline 0 -26"><span class='ocrx_word' id='word_1_285' title='bbox 407 3904 531 3980; x_wconf 86' lang='lat' dir='ltr'>tae,</span> <span class='ocrx_word' id='word_1_286' title='bbox 573 3896 946 3985; x_wconf 84' lang='lat' dir='ltr'>respiciunt,</span> <span class='ocrx_word' id='word_1_287' title='bbox 991 3914 1394 3960; x_wconf 80' lang='lat' dir='ltr'>conservare.</span> 
     </span>
    </p>

    <p class='ocr_par' dir='ltr' id='par_1_8' title="bbox 401 3992 2932 4459">
     <span class='ocr_line' id='line_1_36' title="bbox 568 3992 2932 4087; baseline 0.004 -25"><span class='ocrx_word' id='word_1_288' title='bbox 568 3992 806 4062; x_wconf 88' lang='lat' dir='ltr'>Sancta</span> <span class='ocrx_word' id='word_1_289' title='bbox 851 4019 1108 4085; x_wconf 90' lang='lat' dir='ltr'>quoque</span> <span class='ocrx_word' id='word_1_290' title='bbox 1151 3998 1541 4063; x_wconf 86' lang='lat' dir='ltr'>universalia</span> <span class='ocrx_word' id='word_1_291' title='bbox 1591 3996 1916 4081; x_wconf 81' lang='lat' dir='ltr'>Concilia,</span> <span class='ocrx_word' id='word_1_292' title='bbox 1986 3998 2385 4082; x_wconf 87' lang='lat' dir='ltr'>Nicaenum,</span> <span class='ocrx_word' id='word_1_293' title='bbox 2435 3998 2820 4071; x_wconf 86' lang='lat' dir='ltr'>Constanti·</span> <span class='ocrx_word' id='word_1_294' title='bbox 2930 4074 2932 4087; x_wconf 37' lang='lat'><em>2</em></span> 
     </span>
     <span class='ocr_line' id='line_1_37' title="bbox 401 4095 2819 4187; baseline 0.005 -29"><span class='ocrx_word' id='word_1_295' title='bbox 401 4095 846 4182; x_wconf 90' lang='lat' dir='ltr'>nopolitanum</span> <span class='ocrx_word' id='word_1_296' title='bbox 866 4147 886 4180; x_wconf 89' lang='lat'>,</span> <span class='ocrx_word' id='word_1_297' title='bbox 932 4096 1334 4186; x_wconf 87' lang='lat' dir='ltr'>Ephesinum</span> <span class='ocrx_word' id='word_1_298' title='bbox 1375 4099 1677 4187; x_wconf 88' lang='lat' dir='ltr'>primum,</span> <span class='ocrx_word' id='word_1_299' title='bbox 1726 4096 2281 4181; x_wconf 84' lang='lat' dir='ltr'>Calchedonense,</span> <span class='ocrx_word' id='word_1_300' title='bbox 2332 4108 2399 4163; x_wconf 89' lang='lat' dir='ltr'>et</span> <span class='ocrx_word' id='word_1_301' title='bbox 2440 4103 2819 4170; x_wconf 88' lang='lat' dir='ltr'>secundum</span> 
     </span>
     <span class='ocr_line' id='line_1_38' title="bbox 405 4193 2821 4293; baseline 0.004 -33"><span class='ocrx_word' id='word_1_302' title='bbox 405 4193 1221 4285; x_wconf 69' lang='lat' dir='ltr'>constantinopolitanum,</span> <span class='ocrx_word' id='word_1_303' title='bbox 1291 4199 1464 4284; x_wconf 89' lang='lat' dir='ltr'>quod</span> <span class='ocrx_word' id='word_1_304' title='bbox 1509 4200 1845 4265; x_wconf 87' lang='lat' dir='ltr'>Iustiniani</span> <span class='ocrx_word' id='word_1_305' title='bbox 1892 4200 2037 4289; x_wconf 90' lang='lat' dir='ltr'>piae</span> <span class='ocrx_word' id='word_1_306' title='bbox 2082 4201 2435 4265; x_wconf 84' lang='lat' dir='ltr'>memoriae</span> <span class='ocrx_word' id='word_1_307' title='bbox 2477 4200 2821 4293; x_wconf 88' lang='lat' dir='ltr'>Principis</span> 
     </span>
     <span class='ocr_line' id='line_1_39' title="bbox 405 4296 2930 4388; baseline 0.006 -32"><span class='ocrx_word' id='word_1_308' title='bbox 405 4296 816 4385; x_wconf 33' lang='lat' dir='ltr'>temporibus·</span> <span class='ocrx_word' id='word_1_309' title='bbox 849 4299 1241 4364; x_wconf 88' lang='lat' dir='ltr'>celebratum</span> <span class='ocrx_word' id='word_1_310' title='bbox 1284 4309 1413 4383; x_wconf 89' lang='lat' dir='ltr'>est,</span> <span class='ocrx_word' id='word_1_311' title='bbox 1457 4322 1665 4385; x_wconf 87' lang='lat' dir='ltr'>usque</span> <span class='ocrx_word' id='word_1_312' title='bbox 1709 4301 1793 4365; x_wconf 91' lang='lat' dir='ltr'>ad</span> <span class='ocrx_word' id='word_1_313' title='bbox 1838 4322 2037 4366; x_wconf 90' lang='lat' dir='ltr'>unum</span> <span class='ocrx_word' id='word_1_314' title='bbox 2079 4302 2369 4388; x_wconf 89' lang='lat' dir='ltr'>apicem,</span> <span class='ocrx_word' id='word_1_315' title='bbox 2418 4302 2827 4371; x_wconf 86' lang='lat' dir='ltr'>immutilata</span> <span class='ocrx_word' id='word_1_316' title='bbox 2928 4350 2930 4357; x_wconf 88' lang='lat'>-</span> 
     </span>
     <span class='ocr_line' id='line_1_40' title="bbox 409 4414 690 4459; baseline -0.004 0"><span class='ocrx_word' id='word_1_317' title='bbox 409 4414 690 4459; x_wconf 86' lang='lat' dir='ltr'>servare.</span> 
     </span>
    </p>

    <p class='ocr_par' dir='ltr' id='par_1_9' title="bbox 585 4492 2829 4585">
     <span class='ocr_line' id='line_1_41' title="bbox 585 4492 2829 4585; baseline 0.007 -28"><span class='ocrx_word' id='word_1_318' title='bbox 585 4492 672 4557; x_wconf 84' lang='lat' dir='ltr'>Et</span> <span class='ocrx_word' id='word_1_319' title='bbox 711 4518 839 4560; x_wconf 88' lang='lat' dir='ltr'>una</span> <span class='ocrx_word' id='word_1_320' title='bbox 881 4518 1026 4563; x_wconf 89' lang='lat' dir='ltr'>cum</span> <span class='ocrx_word' id='word_1_321' title='bbox 1073 4498 1166 4565; x_wconf 91' lang='lat' dir='ltr'>eis</span> <span class='ocrx_word' id='word_1_322' title='bbox 1211 4498 1350 4585; x_wconf 85' lang='lat' dir='ltr'>pari</span> <span class='ocrx_word' id='word_1_323' title='bbox 1389 4499 1645 4567; x_wconf 78' lang='lat' dir='ltr'>honoret</span> <span class='ocrx_word' id='word_1_324' title='bbox 1682 4509 1749 4565; x_wconf 89' lang='lat' dir='ltr'>et</span> <span class='ocrx_word' id='word_1_325' title='bbox 1785 4503 2201 4569; x_wconf 80' lang='lat' dir='ltr'>veneratione</span> <span class='ocrx_word' id='word_1_326' title='bbox 2230 4512 2519 4569; x_wconf 80' lang='lat' dir='ltr'>sanctum</span> <span class='ocrx_word' id='word_1_327' title='bbox 2546 4514 2829 4572; x_wconf 78' lang='lat' dir='ltr'>sextum</span> 
     </span>
    </p>
   </div>
   <div class='ocr_carea' id='block_1_6' title="bbox 2936 3354 2938 3394">
    <p class='ocr_par' dir='ltr' id='par_1_10' title="bbox 2936 3354 2938 3394">
     <span class='ocr_line' id='line_1_42' title="bbox 2936 3354 2938 3394; baseline 0 0"><span class='ocrx_word' id='word_1_328' title='bbox 2936 3354 2938 3394; x_wconf 66' lang='lat' dir='ltr'><em>A</em></span> 
     </span>
    </p>
   </div>
   <div class='ocr_carea' id='block_1_7' title="bbox 2929 3872 2935 4593">
    <p class='ocr_par' dir='ltr' id='par_1_11' title="bbox 2929 3872 2935 4593">
     <span class='ocr_line' id='line_1_43' title="bbox 2929 3872 2935 4593; baseline 0 0"><span class='ocrx_word' id='word_1_329' title='bbox 2929 3872 2935 4593; x_wconf 95' lang='lat' dir='ltr'> </span> 
     </span>
    </p>
   </div>
  </div>
 </body>
</html>
