2959 4984
461 246 532 301 18
994 244 1058 299 V.
1123 242 1519 300 conomtm
1554 242 2049 299 GERMANICUM
2084 242 2151 299 A.
2188 242 2311 299 742.

457 410 852 499 EpiscopuS,
919 408 1088 473 hanc
1125 407 1599 493 professionem
1644 428 1889 490 meam,
1936 408 2101 475 sicut
2143 427 2339 495 supra
2382 405 2677 473 continet
2692 454 2713 488 ,
2758 406 2843 471 fa-

459 511 636 577 ciens
691 506 1134 574 iusiurandum
1177 507 1601 595 corporaliter
1616 556 1637 589 ,
1682 508 1795 573 tibi
1816 555 1835 588 ‚
1886 509 2067 573 beate
2115 507 2332 590 Patre,
2378 506 2845 593 Apostolorum
2895 526 2896 537 ¹

459 610 794 697 PrincepS,
835 630 999 697 pura
1034 616 1254 673 mente
1297 616 1363 671 et
1401 606 1793 673 conscientia
1838 608 2063 673 obtuli.
2895 674 2896 683 χ

623 708 1108 795 (Sequebantur
1144 708 1428 773 secunda
1469 717 1537 772 et
1586 709 1775 773 tertia
1816 708 1972 773 fidei
2012 706 2329 794 professio
2349 756 2367 789 ‚
2436 708 2641 795 priori
2682 708 2844 773 simi-

461 812 578 892 les,
625 832 782 894 quas
824 806 1212 873 omittendas
1261 828 1404 873 esse
1451 808 1663 893 duxi).

832 992 916 1057 V.
1007 968 1476 1057 Concilium
1520 991 2115 1059 Germanicum
2154 1016 2211 1059 a.
2254 990 2374 1059 742
2397 992 2485 1077 ⁴²).

624 1143 705 1207 In
761 1141 1024 1207 nomine
1087 1140 1332 1205 domini
1393 1142 1597 1206 nostri
1654 1141 1805 1206 Iesu
1856 1140 2120 1207 Christi.
2208 1140 2355 1228 Ego
2406 1140 2843 1220 CarlmannuS,

457 1243 593 1308 dux
635 1252 701 1308 et
740 1244 1041 1331 princeps
1077 1240 1476 1307 Francorum
1522 1264 1689 1307 anno
1732 1244 1811 1306 ab
1849 1242 2285 1307 incarnatione
2320 1240 2561 1308 Christi
2596 1242 2843 1330 septim·
2895 1288 2896 1309 ἢ

457 1343 836 1430 gentissimo
881 1342 1001 1424 42,
1047 1341 1144 1406 11.
1190 1341 1522 1406 Kalendas
1568 1341 1792 1426 MaiaS,
1841 1365 1985 1407 cum
2030 1344 2299 1408 consilio
2348 1364 2688 1408 servorum
2728 1340 2845 1406 Dei

457 1450 524 1507 et
563 1443 942 1530 optimatum
986 1462 1310 1523 meorum,
1383 1442 1724 1530 episcopos
1777 1442 1887 1527 qui
1930 1443 1999 1506 in
2038 1465 2248 1529 regno
2292 1464 2439 1507 meo
2482 1451 2668 1525 sunt,
2714 1462 2846 1505 cum
2895 1434 2896 1445 ’

455 1542 875 1631 presbyteriS,
922 1550 986 1605 et
1023 1542 1364 1605 concilium
1407 1551 1474 1605 et
1514 1542 1838 1627 synodum
1881 1564 2002 1629 pro
2034 1543 2265 1608 timore
2304 1542 2543 1609 Christi
2578 1562 2843 1627 congre-

460 1643 629 1728 gavi,
669 1642 741 1706 id
785 1651 900 1726 est,
943 1640 1348 1706 Bonifacium
1392 1642 1973 1731 archiepiscopum,
2016 1650 2083 1706 et
2120 1642 2592 1727 Burchardum,
2634 1652 2703 1707 et
2727 1642 2840 1707 Re-

457 1742 848 1829 genfridum,
895 1750 960 1806 et
1002 1740 1393 1822 Hwitanum,
1436 1751 1503 1805 et
1535 1740 2040 1825 Vuillabaldum,
2091 1752 2155 1807 et
2201 1742 2566 1825 Dadanum,
2618 1752 2685 1807 et
2726 1740 2843 1806 Ed-

457 1843 694 1907 danum
708 1892 728 1927 ,
806 1866 950 1907 cum
1003 1842 1380 1931 presbiteris
1443 1863 1667 1907 eorum
1686 1891 1705 1924 ,
1766 1852 1841 1907 ut
1900 1842 2055 1907 mihi
2119 1842 2456 1908 consilium
2522 1842 2845 1907 dedissent

461 1942 786 2027 quomodo
823 1943 936 2007 lex
977 1942 1109 2008 Dei
1152 1951 1216 2006 et
1257 1942 1729 2006 aecclesiastica
1769 1942 2025 2027 relegio
2062 1951 2521 2029 recuperetur,
2582 1964 2748 2027 quae
2788 1942 2845 2004 in

461 2042 688 2107 diebus
747 2041 1244 2129 praeteritorum
1299 2040 1663 2128 principum
1722 2040 2032 2127 dissipata
2090 2042 2365 2123 corruit,
2454 2050 2520 2105 et
2576 2042 2843 2127 qualiter

461 2144 740 2231 populus
789 2140 1168 2206 christianus
1219 2140 1302 2204 ad
1347 2142 1619 2205 salutem
1665 2140 1915 2204 animae
1962 2140 2309 2227 pervenire
2354 2140 2580 2228 possit,
2630 2152 2696 2207 et
2736 2162 2845 2228 per

462 2244 656 2307 falsos
722 2239 1090 2306 sacerdotes
1136 2240 1445 2327 deceptus
1490 2263 1623 2303 non
1666 2248 1927 2328 pereat3
1997 2249 2062 2303 et
2104 2262 2225 2328 per
2268 2240 2608 2306 consilium
2652 2262 2843 2306 sacer-

467 2343 692 2408 dotum
749 2350 818 2405 et
873 2339 1252 2426 optimatum
1297 2361 1591 2405 meorum
1634 2339 2073 2404 ordinavimus
2114 2360 2235 2428 per
2276 2340 2564 2405 civitates
2613 2342 2844 2430 episco-

461 2466 616 2531 pos,
675 2451 742 2507 et
785 2442 1230 2507 constituimus
1274 2464 1470 2529 super
1515 2462 1625 2506 eos
1673 2440 2229 2529 archiepiscopum
2268 2439 2705 2523 Bonifatium,
2748 2439 2843 2525 qui

465 2552 564 2607 est
607 2542 838 2606 missus
879 2539 1100 2607 Sancti
1143 2542 1342 2606 Petri.
1390 2538 1745 2607 Statuimus
1786 2563 1907 2629 per
1951 2563 2150 2606 annos
2200 2540 2500 2627 singulos
2542 2540 2851 2627 synodum

462 2654 888 2727 congregare,
937 2650 1009 2705 ut
1050 2642 1234 2706 nobis
1274 2639 1721 2729 praesentibus
1770 2662 2091 2705 canonum
2130 2640 2395 2705 decreta
2426 2650 2493 2704 et
2516 2640 2847 2705 aecclesiae

459 2742 598 2805 iura
644 2750 1104 2825 restaurentur,
1150 2750 1216 2805 et
1253 2740 1509 2825 relegio
1555 2739 1899 2804 christiana
1940 2740 2351 2805 emendetur.
2416 2738 2503 2803 Et
2542 2738 2847 2803 fraudatas
2895 2752 2896 2757 ’

461 2842 767 2929 pecunias
835 2840 1248 2904 ecclesiarum
1319 2840 1609 2904 ecclesiis
1664 2840 2080 2904 restituimus.
2172 2838 2399 2904 Falsos
2466 2839 2847 2924 presbiteros

463 2950 528 3003 et
587 2940 912 3005 adulteros
971 2940 1078 3003 vel
1142 2941 1563 3005 fornicatores
1608 2940 1913 3004 diaconos
1960 2950 2025 3004 et
2078 2940 2380 3022 clericosx,
2443 2938 2526 3003 de
2569 2936 2845 3026 pecuniis
2895 2980 2896 2983 κ

465 3039 880 3104 ecclesiarum
941 3040 1316 3105 abstulimus
1385 3049 1450 3102 et
1510 3039 2007 3124 degradavimus
2031 3090 2049 3122 ,
2117 3050 2183 3105 et
2255 3039 2337 3104 ad
2396 3038 2841 3125 poenitentiam

469 3138 822 3225 coegimus.

634 3238 724 3302 H.
811 3235 1002 3303 Servi
1047 3238 1178 3305 Dei
1241 3262 1362 3327 per
1422 3241 1636 3305 omnia
1676 3240 1971 3305 omnibus
2016 3247 2403 3303 armaturam
2441 3245 2706 3324 portare
2746 3232 2841 3296 vel

466 3357 795 3426 pugnare,
853 3348 962 3401 aut
1001 3338 1068 3402 in
1112 3340 1468 3405 exercitum
1513 3348 1579 3405 et
1620 3340 1689 3405 in
1730 3342 1987 3404 hostem
2029 3360 2349 3426 pergere,
2398 3338 2662 3403 omnino
2703 3356 2834 3425 pro-

461 3436 782 3503 hibuimus
805 3487 824 3520 ,
897 3438 1021 3502 nisi
1081 3438 1178 3502 illi
1249 3440 1692 3506 tantummodo
1752 3441 1861 3525 qui
1921 3448 2193 3527 propter
2258 3438 2549 3503 divinum
2616 3444 2836 3523 myste-
2895 3454 2896 3459 ¹

463 3538 652 3621 rium,
697 3538 1034 3603 missarum
1073 3540 1320 3605 scilicet
1347 3542 1660 3606 solemnia
1694 3540 2105 3629 adinplenda,
2152 3550 2217 3604 et
2246 3548 2614 3605 sanctorum
2640 3546 2835 3626 patro-

467 3638 632 3704 cinia
671 3638 1004 3727 portanda,
1045 3640 1128 3703 ad
1168 3642 1292 3705 hoc
1337 3640 1525 3706 electi
1567 3651 1733 3707 sunt.
1800 3642 1883 3707 Id
1924 3650 2039 3723 est,
2080 3662 2282 3705 unum
2324 3640 2433 3703 vel
2482 3636 2647 3703 duos
2686 3634 2832 3723 epis·
2895 3632 2896 3659 ³

467 3762 664 3828 copos
731 3762 878 3804 cum
935 3740 1280 3827 capellanis
1341 3742 1753 3829 praesbiteris
1806 3742 2110 3830 princeps
2165 3762 2386 3805 secum
2447 3740 2682 3804 habeat
2703 3786 2722 3818 ,
2786 3740 2841 3796 et

669 3988 724 4052 ὓ)
759 3984 936 4039 Huius
973 3984 1198 4039 concilii
1234 3985 1591 4053 convocandi,
1626 3990 1690 4039 ut
1722 3984 1832 4039 alia
1864 3987 2222 4039 monumenta
2256 3984 2553 4049 testantur,
2581 3980 2840 4035 Carlman·

467 4088 572 4125 nus
609 4090 710 4126 rex
747 4073 896 4141 apud
932 4072 984 4127 S.
1022 4073 1365 4126 Bonifacium
1411 4078 1607 4127 auctor
1642 4072 1749 4125 fuit
1767 4115 1778 4135 ‚
1829 4076 1887 4127 et
1922 4073 1981 4125 in
2018 4072 2244 4125 statutis
2280 4070 2397 4124 eius
2434 4067 2733 4123 condendis
2766 4080 2839 4117 re·

469 4158 668 4228 giaque
717 4162 1050 4215 auctoritate
1096 4160 1512 4229 promulgandis
1534 4200 1547 4227 ,
1608 4176 1765 4213 more
1817 4158 1965 4212 illius
2016 4158 2251 4225 saeculi,
2314 4156 2616 4228 plurimum
2666 4150 2838 4209 valuit.

470 4245 708 4299 Textum
767 4264 872 4316 ope
925 4248 1198 4303 librorum
1248 4247 1751 4316 manuscriptorum
1807 4246 2090 4315 puriorem
2142 4245 2396 4299 exhibuit
2442 4242 2611 4297 Pertz
2644 4239 2839 4309 Legum
2895 4252 2896 4293 ὲ

474 4320 628 4386 Tom.
665 4333 710 4387 Ι.
744 4352 798 4403 p.
839 4338 940 4405 16.‚
981 4352 1148 4405 quem
1183 4338 1404 4389 secutus
1439 4350 1579 4389 sum.
1632 4333 1929 4389 Caeterum
1962 4334 2088 4389 vide
2122 4330 2422 4387 Lehrbuch
2454 4330 2557 4385 des
2592 4328 2837 4383 Kirchen-
2895 4346 2896 4379 ἢ

472 4418 658 4473 rechts
689 4425 738 4485 §-
777 4424 862 4477 90.
895 4426 1014 4477 not.
1052 4425 1136 4481 12.
2895 4412 2896 4419 ἵ
