2959 4984
429 255 593 307 xcu.
670 257 907 308 BREVE
946 257 1201 319 QUOAD
1240 258 1700 310 MATRIMOMA
1744 258 1977 310 mxu
2011 261 2076 311 A.
2109 256 2269 314 1830.
2443 257 2549 313 589

127 425 236 512 gis
256 420 715 490 executionem
744 420 1059 508 postulari
1090 419 1529 505 significastis.
1556 419 1810 487 Verum
1831 421 1962 487 duo
1977 431 2146 506 sunt,
2177 444 2340 508 quae
2361 424 2538 491 haud

129 545 363 612 parum
404 521 545 590 Nos
590 531 890 588 recreant
914 573 933 606 ,
976 519 1286 586 videlicet
1333 518 1650 586 Vestrum
1691 521 1938 609 pariter
1979 531 2046 586 et
2089 521 2542 606 Sacerdotum,

134 623 249 708 qui
287 623 409 688 sub
450 621 661 687 Vobis
701 630 873 704 sunt,
919 643 1039 708 pro
1087 619 1387 688 doctrina
1414 620 1754 686 Ecclesiae
1797 623 2040 686 tuenda
2075 623 2542 708 servandisque

129 723 311 790 illius
352 722 605 808 regulis
656 721 963 806 studium,
1012 721 1187 807 quod
1234 721 1588 808 praedictis
1635 743 1894 806 quoque
1935 721 2020 786 ad
2059 721 2353 787 Leonem
2387 721 2543 792 XII.

130 824 345 892 literis
392 822 930 903 demonstrastis3
975 845 1051 886 ac
1094 819 1518 888 Serenissimi
1559 821 1907 888 Borussiae
1953 823 2156 909 Regis
2193 823 2544 910 indulgen·

132 926 243 1008 tia,
288 924 433 1010 qui,
497 933 571 988 ut
608 923 857 1010 pariter
918 921 1237 1004 innuistiS,
1304 921 1446 1008 ipse
1513 931 1737 987 auctor
1797 923 2278 1006 quodammodo
2331 923 2540 990 Vobis

139 1025 266 1092 fuit
298 1076 317 1108 ,
357 1032 432 1088 ut
470 1023 896 1111 Apostolicae
938 1022 1093 1088 huic
1136 1019 1299 1088 Sedi
1339 1021 1674 1108 integrum
1721 1044 1944 1088 rerum
1980 1032 2216 1088 statum
2256 1022 2547 1112 ingenue

136 1126 568 1214 explicantes,
612 1124 793 1190 illam
836 1145 1033 1208 super
1074 1123 1507 1188 anxietatibus
1552 1123 1810 1188 Vestris
1857 1125 2310 1190 consuleretis,
2371 1124 2544 1190 Hinc

141 1227 323 1292 enim
366 1226 599 1292 merito
644 1222 1052 1309 confidimus,
1092 1246 1227 1288 non
1270 1223 1467 1290 modo
1491 1224 1630 1288 Vos
1679 1225 2015 1312 rescriptis
2057 1225 2238 1290 hisce
2285 1224 2544 1292 Nostris

134 1329 336 1416 plane
380 1327 877 1412 obsequuturos,
921 1324 1040 1390 sed
1082 1319 1291 1410 ipsam
1317 1346 1588 1413 quoque
1633 1322 2051 1390 Serenissimi
2092 1325 2297 1412 Regis
2347 1324 2544 1390 Maie-

137 1439 378 1496 statem
416 1427 623 1492 Vobis
665 1447 799 1492 non
840 1447 1304 1490 succensui-am
1316 1477 1337 1508 ,
1388 1425 1451 1490 si
1499 1425 1716 1490 eidem
1757 1425 1828 1490 in
1869 1426 2066 1490 rebus
2119 1427 2420 1492 civilibus
2461 1447 2548 1491 ex

136 1529 359 1596 animo
401 1527 941 1610 obsecundantes,
984 1526 1055 1590 in
1096 1525 1177 1589 iis
1224 1533 1464 1610 tamen,
1505 1547 1674 1612 quae
1713 1547 1846 1590 non
1885 1526 2114 1591 civiles
2153 1523 2550 1592 matrimonii

142 1630 421 1696 effectus
438 1679 459 1712 ,
521 1626 639 1693 sed
693 1627 903 1714 ipsam
944 1625 1273 1710 attingunt
1325 1625 1720 1690 matrimonii
1779 1626 2074 1691 eiusdem
2121 1627 2552 1711 sanctitatem,

144 1741 215 1796 et
264 1729 577 1815 religiosa
619 1727 977 1812 coniugum
1038 1725 1253 1792 officia
1296 1725 1657 1814 respiciunt
1678 1777 1697 1810 ,
1775 1749 1988 1792 sacras
2047 1727 2390 1814 religionis
2449 1751 2550 1792 ca-

141 1830 441 1896 tholicae
480 1827 745 1913 regulas
788 1825 1189 1894 custodiatis.
1292 1827 1524 1910 Itaque
1567 1826 1653 1890 ad
1695 1848 1838 1892 rem
1875 1827 2142 1915 propius
2189 1829 2553 1912 venientes,

148 1929 335 1996 haud
379 1928 587 1996 Nobis
628 1951 795 2016 opus
838 1937 938 1992 est
952 1979 972 2011 ,
1020 1935 1095 1994 ut
1132 1925 1603 1992 Fraternitates
1647 1927 1919 1992 Vestras
1957 1951 2147 1993 sacra
2185 1929 2360 1993 omni
2405 1927 2554 1992 doc-

137 2031 319 2097 trina
354 2027 781 2117 peritissimas
828 2027 1241 2111 edoceamus,
1286 2047 1602 2111 quaenam
1646 2027 1958 2094 adversus
2001 2030 2260 2113 mixtas,
2299 2029 2382 2094 de
2413 2029 2552 2116 qui-

138 2131 271 2198 bus
316 2129 556 2216 agitur,
598 2128 863 2216 nuptias
908 2127 1229 2192 ecclesiae
1270 2126 1433 2193 ratio
1477 2127 1582 2194 sit.
1627 2127 1810 2214 Ergo
1851 2127 2152 2215 ignotum
2172 2129 2382 2194 Vobis
2419 2151 2552 2194 non

144 2243 253 2298 est
270 2281 289 2316 ,
336 2229 705 2298 Ecclesiam
748 2228 958 2315 ipsam
996 2251 1035 2292 a
1081 2227 1421 2292 connubiis
1466 2227 1879 2312 huiusmodi,
1933 2251 2099 2316 quae
2138 2251 2275 2296 non
2313 2251 2546 2316 parum

146 2328 589 2400 deformitatis
632 2339 697 2393 ct
742 2327 1099 2416 spiritualis
1140 2327 1420 2414 periculi
1463 2350 1622 2414 prae
1655 2349 1731 2394 se
1773 2329 2012 2414 ferunt,
2037 2330 2416 2414 abhorrere,
2461 2339 2550 2394 at-

148 2453 284 2517 que
326 2430 579 2498 idcirco
614 2429 1067 2518 Apostolicam
1117 2429 1287 2494 hanc
1334 2427 1581 2497 Sedem
1637 2451 1888 2495 summo
1948 2450 2212 2518 semper
2255 2441 2553 2496 constan-

142 2533 335 2618 tique
376 2530 593 2596 studio
638 2550 925 2612 curasse,
964 2539 1037 2595 ut
1074 2529 1425 2594 canonicae
1457 2529 1646 2615 leges
1687 2530 2096 2594 matrimonia
2139 2529 2371 2594 eadem
2411 2551 2558 2617 pro-

150 2631 469 2696 hibentes·
517 2630 831 2716 religiose
890 2628 1396 2695 custodirentur.
1503 2629 1758 2712 Quodsi
1803 2629 2077 2695 Romani
2120 2630 2473 2696 Pontifices
2521 2654 2560 2697 a

148 2731 561 2798 sanctissimo
616 2729 738 2795 illo<
807 2728 1146 2797 Canonum
1214 2729 1564 2794 interdicto
1607 2751 2087 2816 nonnumquam
2147 2730 2560 2817 dispensasse

150 2829 621 2914 inveniuntur,
682 2829 753 2894 id
794 2829 1089 2917 profecto
1131 2850 1367 2914 graves
1408 2830 1496 2895 ob
1537 2851 1800 2912 causas,
1859 2837 1926 2893 et
1965 2850 2166 2916 aegre
2207 2829 2559 2896 admodum

147 2933 491 3013 fecerunt,
548 2929 815 3016 suisque
856 2929 1443 3018 dispensationibus
1491 2929 1776 2994 adiicere
1817 2931 2300 2996 consueuerant
2341 2930 2558 2995 condi·

146 3034 405 3098 tionem
450 3051 825 3118 expressam
868 3030 951 3095 de
992 3027 1486 3117 praemittendis
1533 3028 1944 3094 matrimonio
1985 3031 2370 3118 opportunis
2407 3053 2556 3096 cau-

147 3131 467 3216 tionibus,
512 3153 647 3198 non
684 3129 883 3196 modo
926 3140 1001 3194 ut
1042 3129 1280 3194 coniux
1328 3128 1684 3194 catholicus
1731 3129 1810 3193 ab
1860 3130 2224 3195 acatholico
2267 3131 2558 3219 perverti

144 3256 291 3300 non
336 3240 562 3318 posset
588 3281 609 3316 ,
672 3230 833 3317 quin
874 3229 1089 3316 potius
1134 3229 1249 3294 ille
1290 3229 1503 3292 teneri
1547 3249 1618 3292 se
1656 3227 1856 3294 ‚sciret
1895 3229 1982 3294 ad
2025 3229 2199 3295 hunc
2244 3253 2363 3318 pro
2407 3230 2563 3295 viri-

148 3336 285 3400 bus
330 3334 412 3398 ab
454 3353 677 3398 errore
718 3331 1221 3412 retrahendum,
1288 3329 1408 3396 sed
1459 3329 1658 3396 etiam
1697 3339 1770 3394 ut
1811 3330 2037 3417 proles
2074 3331 2418 3418 utriusque
2459 3352 2558 3396 se-

148 3458 285 3500 xus
340 3455 425 3498 ex
468 3434 703 3498 eodem
742 3431 1171 3496 matrimonio-
1212 3429 1622 3520 procreanda
1672 3429 1742 3494 in
1801 3430 2159 3495 catholica-e
2217 3431 2562 3516 relig-ionis

150 3531 503 3600 sanctitate
548 3531 809 3597 omnino
850 3530 1255 3596 educaretur.
1337 3529 1563 3595 Nostis
1608 3539 1822 3594 antem
1842 3581 1861 3614 ,
1921 3529 2352 3595 Venerabiles
2395 3532 2555 3597 Fra-

149 3645 321 3715 treS,
362 3632 537 3720 ipsas
580 3653 805 3698 omncs
854 3630 1183 3698 cautiones
1230 3653 1307 3696 eo
1353 3639 1672 3718 spectare,
1717 3641 1790 3696 ut
1833 3631 1956 3696 hac
1995 3631 2068 3695 in
2108 3653 2186 3696 re
2227 3631 2552 3708 naturales

150 3731 553 3817 divinaeque
592 3734 783 3822 leges
822 3741 1034 3799 sartae
1078 3741 1289 3798 tectae
1310 3731 1711 3814 habeantur3
1758 3731 2284 3817 quandoquidem
2332 3731 2556 3820 explo-

148 3841 375 3900 ratum
417 3843 517 3900 est
531 3885 551 3918 ,
594 3833 943 3900 catholicas
988 3853 1301 3920 personas
1329 3883 1349 3916 ,
1407 3852 1525 3898 seu
1567 3832 1744 3897 viros
1766 3883 1787 3915 ,
1847 3853 1965 3898 seu
2005 3829 2312 3897 mulieres
2331 3883 2352 3917 ,
2395 3851 2560 3917 quae

150 3930 423 4018 nuptias
468 3955 613 4000 cum
652 3932 1031 4000 acatholicis
1072 3932 1162 3998 ita
1206 3932 1628 4016 contrahunt,
1685 3940 1759 3996 ut
1790 3953 1862 3996 se
1899 3941 2012 3998 aut
2051 3932 2335 3998 futuram
2373 3931 2560 3996 sobo·

150 4033 301 4096 lem
342 4031 638 4118 periculo
679 4033 1117 4118 perversionis
1157 4042 1409 4098 temere
1456 4032 1899 4117 committant,
1958 4055 2094 4098 non
2135 4033 2334 4098 modo
2373 4053 2559 4098 cano-

150 4131 343 4198 nicas
382 4131 631 4198 violare
674 4133 1057 4218 sanctiones,
1100 4133 1221 4198 sed
1264 4133 1516 4198 directe
1553 4132 1746 4197 etiam
1789 4133 2300 4219 gravissimeque
2343 4133 2414 4199 in
2446 4154 2560 4198 na-

152 4231 447 4298 turalem
492 4255 569 4298 ac
610 4232 895 4300 divinam
935 4235 1157 4320 legem
1198 4255 1490 4321 peecare.
1593 4235 1822 4318 Atque
1867 4234 2106 4299 exinde
2149 4233 2276 4298 iam
2317 4232 2556 4299 intelli-

152 4330 323 4422 gitis
346 4381 369 4416 ,
430 4331 573 4399 Nos
618 4355 877 4419 quoque
939 4333 1305 4420 gravissimi
1362 4356 1584 4400 coram
1624 4333 1772 4398 Deo
1839 4341 1905 4399 et
1941 4332 2238 4400 Ecclesia
2279 4333 2566 4399 criminis

156 4455 321 4501 reos
358 4432 527 4518 fore,
568 4434 625 4499 si
668 4433 843 4503 circa
878 4433 1137 4522 nuptias
1176 4434 1552 4504 huiusmodi
1591 4433 1732 4502 istis
1775 4433 1847 4500 in
1887 4434 2268 4522 regionibus
2313 4443 2566 4500 contra-
