2959 4984
372 255 563 310 xom.
637 253 1069 308 INSTRUOTIO
1108 251 1359 316 QUOAD
1397 253 1860 307 MATRIMONIA
1903 251 2130 304 MleA
2166 254 2232 305 A.
2273 249 2445 308 1830:
2500 251 2606 306 595

200 443 357 487 rum
396 415 735 503 utriusque
778 437 973 482 sexus
1016 415 1468 484 educationem
1511 414 1799 501 respicit.
1879 413 2102 483 Tertio
2123 468 2145 503 ,
2187 428 2262 484 ut
2301 417 2609 508 Episcopi

200 531 272 588 et
322 541 549 586 eorum
594 517 1006 604 subdelegati
1048 515 1413 584 abstineant
1448 518 1529 583 ab
1569 516 1652 581 iis
1697 514 1944 602 nuptiis
1973 515 2426 604 imprudenter
2459 540 2604 584 con-

198 619 545 698 firmandis
560 667 581 702 ,
650 641 817 704 quae
862 639 1083 684 coram
1124 617 1301 682 civili
1340 617 1496 703 lege
1539 616 1725 682 brevi
1767 614 2219 684 dissolvendae
2266 619 2603 706 praevide·

200 730 403 788 antur
468 741 589 808 per
630 713 1022 787 sententiam
1078 717 1231 782 laici
1272 717 1688 804 magistratus
1741 715 2094 782 divortium
2161 717 2335 785 inter
2388 727 2606 806 partes

200 817 766 910 pronunciantem.
848 815 937 882 Et
974 817 1135 882 haec
1176 817 1439 901 quidem
1476 815 1730 884 SSmus
1775 815 1861 882 D.
1903 816 1990 882 N.
2043 816 2448 902 indulgenda
2493 817 2606 883 de-

200 918 419 984 crevit
456 917 545 982 ad
590 917 978 1001 catholicos,
1050 917 1162 1001 qui
1204 917 1277 982 in
1314 915 1670 1004 praedictis
1715 924 1990 1002 quatuor
2027 916 2434 983 dioecesibus
2475 918 2602 982 illi-

200 1020 338 1084 cita
378 1018 573 1083 simul
626 1027 696 1082 et
750 1017 935 1083 irrita
992 1016 1299 1102 coniugia
1356 1016 1441 1081 ad
1499 1037 1810 1104 praesens
1867 1037 2076 1101 usque
2131 1007 2390 1105 tempus
2455 1041 2606 1083 cum

202 1118 587 1185 acatholicis
630 1125 1115 1200 contraxerunt,
1154 1117 1224 1181 in
1266 1116 1439 1180 viam
1476 1116 1702 1181 salutis
1745 1116 2000 1182 facilius
2043 1117 2467 1182 revocandos.

376 1216 565 1282 Idem
602 1237 761 1284 vero
803 1217 1255 1304 indulgentiae
1296 1216 1530 1281 modus
1573 1237 1982 1301 nequaquam
2045 1216 2343 1282 adhiberi
2404 1217 2603 1284 debet

202 1339 375 1406 erga
414 1318 561 1382 illos
594 1365 618 1400 ,
672 1316 784 1402 qui
828 1317 1045 1384 futuro
1098 1326 1394 1405 tempore
1463 1317 1720 1405 nuptias
1777 1314 2016 1382 mixtas
2064 1324 2130 1380 et
2184 1315 2398 1381 irritas
2437 1315 2606 1381 inire

202 1418 349 1484 ausi
394 1417 657 1502 fuerint,
698 1416 1225 1502 quandoquidem
1266 1435 1353 1481 ex
1390 1415 1550 1504 ipsis
1595 1415 1804 1482 facilis
1848 1413 2124 1482 remedii
2165 1437 2284 1502 spe
2315 1415 2604 1481 animum

200 1520 435 1608 plures
474 1527 807 1582 sumerent
848 1517 933 1582 ad
968 1515 1393 1605 peccandum.
1457 1514 1769 1582 Ceterum
1812 1513 2133 1582 Sanctitas
2177 1513 2316 1582 Sua
2354 1515 2424 1579 in
2465 1515 2607 1580 lite-

198 1619 301 1686 ris
340 1618 427 1683 ad
464 1618 731 1683 eosdem
748 1616 1109 1706 Episcopos
1154 1617 1340 1700 datis,
1386 1639 1554 1702 quae
1599 1639 1802 1704 supr-a
1829 1623 2224 1680 memoratae
2263 1622 2434 1700 sunt,
2475 1613 2606 1679 iam

198 1717 557 1784 declaravit
597 1716 1005 1782 matrimonia
1057 1717 1261 1784 mixta
1314 1717 1385 1783 in
1445 1717 1799 1804 praedictis
1859 1723 2136 1802 quatuor
2195 1714 2604 1781 dioecesibus
2691 1727 2696 1731 “

198 1818 279 1883 in
316 1826 652 1905 posterum
714 1815 1051 1900 (videlicet
1105 1841 1144 1882 a
1194 1815 1301 1882 die
1342 1818 1447 1884 25.
1489 1815 1710 1881 Martii
1752 1815 1946 1900 1830)
2001 1813 2288 1881 ineunda
2343 1836 2502 1881 vera
2545 1824 2613 1880 et

198 1925 349 1984 rata
389 1915 801 1981 >matrimonia
826 1915 975 1981 «fore
991 1963 1013 1998 ,
1085 1916 1381 2000 quamvis
1432 1925 1694 2003 praeter
1735 1917 2014 1982 formam
2061 1915 2526 1982 contrahantur
2565 1939 2608 1980 a

200 2015 589 2082 Tridentino
618 2015 914 2084 Concilio
953 2015 1442 2104 praescriptam,
1491 2014 1846 2080 dummodo
1873 2024 2095 2080 tamen
2131 2015 2383 2082 nullum
2427 2013 2606 2080 aliud

202 2115 305 2182 eis
350 2115 641 2181 obstaret
674 2115 1064 2181 canonicum
1102 2115 1415 2180 dirimens
1454 2114 2010 2202 impedimentum.
2055 2114 2260 2184 Novit
2303 2116 2606 2200 equidem

202 2214 522 2283 Summus
536 2214 848 2280 Pontifex
888 2215 1221 2280 molestias
1262 2215 1407 2282 illas
1454 2215 1894 2301 gravissimas,
1937 2215 2008 2280 in
2051 2213 2283 2300 quibus
2327 2222 2602 2299 quatuor

196 2315 303 2381 illi
342 2313 657 2402 Episcopi
698 2315 768 2380 in
807 2315 1175 2403 praesentia
1218 2325 1562 2381 versantur
1582 2365 1603 2399 ,
1665 2337 1752 2380 ex
1795 2337 1874 2380 eo
1923 2315 2117 2381 etiam
2163 2313 2320 2380 oriri
2341 2363 2363 2398 ,
2425 2314 2601 2399 quod

198 2413 513 2481 catholici
552 2413 819 2499 quidam
862 2415 1089 2481 insano
1132 2435 1353 2480 amore
1424 2415 1700 2502 turpiter
1755 2414 2112 2482 dementati
2149 2413 2406 2504 nuptias
2453 2437 2604 2482 con-

196 2514 465 2580 trahere
508 2523 735 2601 optant
781 2536 931 2580 cum
966 2514 1345 2582 acatholicis
1386 2515 1510 2580 sibi
1553 2514 1929 2599 coniunctis,
1975 2523 2042 2580 et
2079 2515 2448 2582 sacerdotes
2492 2537 2603 2582 ve-

196 2623 367 2681 xant
406 2612 657 2680 eisdem
694 2635 773 2678 ea
812 2614 883 2680 in
920 2633 997 2680 re
1039 2614 1389 2681 connivere
1408 2614 1810 2698 ·abnuentes,
1890 2613 2135 2680 Adhuc
2177 2623 2396 2680 tamen
2441 2613 2606 2682 San-

200 2715 399 2780 ctitas
452 2713 591 2781 Sua
644 2713 995 2781 Antistites
1049 2715 1225 2804 ipsos
1278 2715 1349 2779 in
1389 2714 1676 2781 Domino
1723 2714 2102 2783 adhortatur
2126 2766 2146 2800 ,
2213 2725 2286 2782 ut
2334 2716 2602 2782 illorum

194 2814 605 2901 improbitati
650 2837 830 2879 suam
882 2814 953 2878 in
1004 2814 1437 2902 pastoralibus
1503 2813 1738 2879 officiis
1781 2814 2206 2882 constantiam
2247 2826 2598 2904 opponant,

196 2912 366 3001 quin
396 2913 529 2978 imo
572 2923 639 2978 et
662 2913 929 2980 eosdem
970 2914 1057 2978 ad
1080 2913 1337 2980 saniora
1360 2922 1658 3000 satagant
1683 2913 1950 2980 consilia
1969 2936 2303 2983 revocare.
2348 2916 2601 3000 Quodsi

194 3015 425 3098 aliquo
470 3015 542 3078 in
574 3037 765 3099 casu,
819 3015 1107 3103 paternis
1148 3015 1331 3080 hisce
1370 3037 1708 3082 sacrorum
1751 3023 2085 3103 pastorum
2129 3015 2360 3084 studiis
2403 3018 2472 3082 in
2510 3018 2598 3084 ir-

196 3115 406 3182 ritum
450 3115 833 3182 cadentibus
853 3165 875 3200 ,
934 3115 1253 3182 catholica
1314 3137 1596 3203 persona
1652 3139 1689 3180 a
1731 3116 2068 3202 proposito
2125 3117 2410 3203 coniugii
2447 3139 2596 3182 cum

192 3215 563 3282 acatholico
610 3215 736 3281 sibi
782 3215 1149 3304 propinquo
1206 3214 1477 3280 ineundi
1542 3214 1866 3280 removeri
1923 3235 2056 3280 non
2112 3216 2320 3303 possit
2375 3225 2442 3280 et
2480 3217 2598 3280 im-

191 3315 645 3404 ped-imenwm
664 3365 685 3400 ,
748 3314 931 3380 cuius
976 3314 1296 3382 relaxatio
1338 3314 1706 3402 postulatur
1751 3336 1872 3401 pro
1915 3316 2156 3403 nuptiis
2192 3315 2410 3381 valide
2453 3339 2603 3384 con-

190 3413 555 3497 trahendis,
595 3416 921 3502 pertineat
964 3415 1371 3482 solummodo
1418 3414 1502 3479 ad
1543 3413 1930 3480 remotiores
1973 3415 2252 3502 gradus,
2292 3415 2602 3482 videlicet

192 3515 291 3580 ad
332 3515 597 3578 tertium
636 3523 751 3579 aut
792 3524 1091 3600 quartum
1136 3513 1439 3600 gradum,
1491 3514 1628 3580 sive
1673 3515 2248 3600 consanguinitatis
2295 3515 2431 3581 sive
2461 3516 2602 3584 affi-

190 3613 441 3699 nitatis,
480 3615 591 3679 vel
630 3614 717 3679 ad
758 3613 1218 3702 cognationem
1244 3613 1647 3702 spiritualem
1685 3611 1824 3700 (illa
1854 3624 2072 3680 tamen
2112 3625 2404 3705 excepta,
2439 3638 2604 3701 quae

190 3715 379 3780 inter
412 3713 741 3780 levantem
785 3724 853 3780 et
890 3714 1176 3780 levatum
1243 3712 1622 3799 intercedit)
1685 3713 1793 3778 vel
1834 3715 2102 3780 tandem
2147 3715 2231 3780 ad
2270 3717 2604 3804 publicam

188 3815 605 3878 honestatem
671 3835 756 3880 ex
798 3813 1209 3902 sponsalibus
1254 3822 1497 3880 ortam:
1563 3823 1720 3878 tunc
1755 3811 2156 3902 Episcopum
2194 3817 2409 3905 ipsum
2453 3841 2603 3884 con-

200 3909 499 3980 siderare
542 3913 913 4001 oportebit,
978 3921 1199 3982 utrum
1246 3913 1414 3978 iusta
1466 3921 1662 3998 atque
1720 3935 1968 4000 urgens
2025 3913 2106 3979 sit
2149 3916 2604 3983 concedendae

192 4010 703 4099 dispensationis
740 4037 955 4097 causa,
1000 4021 1069 4078 et
1106 4012 1255 4078 talis
1295 4013 1411 4078 illa
1450 4012 1722 4099 scilicet,
1763 4022 1837 4078 ut
1877 4036 2010 4078 non
2047 4014 2452 4101 privatorum
2485 4016 2598 4083 ho—

188 4111 449 4178 minum
490 4113 807 4178 duntaxat
834 4161 857 4197 ,
918 4112 1037 4178 sed
1080 4113 1411 4202 publicam
1470 4113 1682 4201 ipsam
1717 4112 2056 4199 relig-ionis
2099 4113 2456 4180 catholicae
2497 4139 2598 4181 ra-

186 4211 447 4278 tionem
500 4221 791 4300 spectet,
848 4221 1045 4298 atque
1100 4233 1231 4278 una
1282 4211 1612 4300 oportebit
1670 4211 1860 4278 illum
1912 4211 2265 4300 implorare
2329 4213 2598 4280 fervidis

188 4312 507 4402 precibus
566 4313 789 4380 lumen
830 4313 1114 4402 Spiritus
1158 4309 1233 4378 S.
1289 4321 1365 4380 ut
1404 4312 1646 4378 deinde
1708 4313 1779 4378 in
1833 4334 1910 4379 re
1967 4312 2129 4378 tanti
2177 4315 2488 4380 momenti
2528 4316 2600 4381 id

190 4411 455 4481 consilii
492 4411 729 4502 capiat,
766 4411 941 4499 quod
986 4412 1195 4502 magis
1236 4412 1307 4478 in
1347 4411 1638 4480 Domino
1687 4411 2002 4502 expedire
2051 4413 2402 4481 censuerit.
2443 4413 2494 4482 J
2492 4437 2597 4482 sm
