2959 4984
387 264 456 320 74
559 275 674 325 vn.
749 274 1206 327 CAPITULARE
1241 273 1869 327 EchESIASTIOUM
1904 274 2181 327 KAROLI
2214 275 2453 328 MAGNI
2492 273 2717 331 A.·'789.

549 440 720 505 Item
763 438 1268 526 praedicandum
1331 446 1432 503 est
1475 438 1801 523 quomodo
1858 438 1991 504 Dei
2037 439 2211 505 filius
2266 439 2633 509 incarnatus
2690 453 2783 509 est

390 541 471 605 de
515 538 766 627 Spiritu
814 549 1030 607 sancto
1077 549 1141 605 et
1187 562 1268 605 ex
1306 540 1513 607 Maria
1554 561 1815 631 semper
1859 539 2116 627 virgine
2154 564 2277 632 pro
2324 544 2531 609 salute
2578 553 2643 608 et
2682 566 2777 609 re-

384 641 717 729 para-tione
758 640 1023 705 humani
1070 640 1352 727 generis,
1391 664 1658 729 passus,
1703 641 2031 727 sepultuS,
2077 650 2143 707 et
2184 643 2373 708 tertia
2417 644 2524 708 die
2566 665 2777 709 resur-

386 743 578 825 rexit,
623 752 691 807 et
730 744 1024 810 ascendit
1061 744 1131 808 in
1177 744 1366 825 celis3
1444 752 1509 807 et
1557 742 1880 827 quomodo
1938 742 2177 807 iterum
2233 744 2681 837 venturus-sit
2714 745 2781 809 in

385 842 718 908 maiestate
767 845 982 908 divina
1026 844 1314 909 iudicare
1356 865 1579 908 omnes
1620 842 1914 907 homines
1958 842 2315 908 secundum
2360 844 2592 909 merita
2634 868 2777 933 pro-

383 946 562 1033 pria;
634 954 698 1009 et
763 945 1086 1029 quomodo
1143 944 1325 1032 impii
1384 953 1656 1033 propter
1723 944 1971 1009 scelera
2032 965 2147 1007 sua
2216 968 2361 1008 cum
2414 943 2674 1011 diabolo
2715 946 2779 1010 in

381 1044 603 1131 ignem
649 1054 984 1111 aeternum
1029 1046 1402 1126 mittentur,
1447 1053 1513 1108 et
1555 1044 1706 1109 iusti
1750 1066 1893 1108 cum
1942 1041 2201 1109 Christo
2247 1053 2312 1108 et
2356 1068 2504 1109 cum
2548 1048 2777 1113 sanctis

378 1145 630 1232 angelis
677 1145 809 1209 suis
853 1144 921 1209 in
961 1144 1156 1209 vitam
1196 1153 1542 1208 aeternam.

534 1245 703 1310 Item
749 1244 1100 1330 diligenter
1151 1242 1663 1331 praedicandum
1710 1249 1809 1306 est
1852 1242 1933 1306 de
1975 1243 2449 1309 resurrectione
2490 1255 2771 1311 mortuo-

372 1370 554 1430 rum,
625 1354 699 1410 ut
755 1345 959 1409 sciant
1002 1353 1066 1409 et
1112 1344 1379 1408 credant
1431 1344 1501 1408 in
1539 1341 1747 1407 isdem
1806 1343 2182 1429 corporibus
2226 1344 2477 1431 premia
2520 1346 2776 1411 merito-

367 1469 509 1511 rum
552 1454 950 1533 accepturos.
1868 1453 1877 1461 ‘

459 1599 473 1609 .
544 1546 714 1609 Item
758 1567 904 1608 cum
959 1544 1132 1608 omni
1195 1543 1539 1629 diligentia
1601 1541 1841 1607 cunctis
1898 1541 2407 1629 praedicandum
2464 1552 2605 1628 est,
2660 1570 2777 1633 pro

381 1646 611 1730 quibus
659 1644 1027 1710 criminibus
1092 1643 1485 1732 deputentur
1545 1666 1689 1706 cum
1754 1642 2013 1707 diabulo
2056 1643 2124 1706 in
2160 1652 2495 1709 aeternum
2538 1647 2777 1735 suppli-

377 1746 564 1811 cium.
643 1743 958 1831 Legimus
1006 1744 1196 1829 enim,
1240 1743 1563 1832 Apostolo
1614 1743 1911 1808 dicente:
1974 1741 2338 1830 Manifesta
2376 1759 2589 1809 autem
2634 1761 2779 1811 sunt

379 1870 579 1933 opera
631 1847 868 1925 carnis,
917 1869 1078 1933 quae
1117 1858 1265 1908 sunt
1296 1841 1711 1930 fornicatio,
1742 1844 2171 1924 immunditia,
2220 1844 2523 1926 luxoria,
2572 1848 2777 1912 idolo-

377 1970 524 2012 rum
569 1947 876 2025 servitus,
922 1945 1250 2029 veneficia,
1295 1946 1717 2023 inimicitiae,
1769 1947 2244 2023 contentiones,
2290 1947 2776 2029 aemulationes,

385 2047 846 2124 animositates,
894 2048 1052 2125 irae,
1098 2048 1311 2125 rixae,
1361 2045 1811 2124 dissensiones,
1855 2042 2170 2123 haereses,
2197 2059 2428 2127 sectae,
2468 2049 2775 2131 invidiae,

385 2146 772 2227 homicidia,
830 2145 1188 2226 ebrietates,
1240 2147 1751 2225 comessationes,
1796 2158 1857 2209 et
1901 2144 2000 2209 his
2048 2147 2329 2210 similia:
2389 2170 2550 2237 quae
2590 2172 2779 2235 prae-

379 2248 524 2312 dico
569 2246 748 2312 vobis
772 2295 791 2327 ,
860 2249 1026 2310 sicut
1061 2246 1418 2331 praedixi,
1482 2248 1788 2335 quoniam
1834 2248 1951 2335 qui
1992 2247 2157 2311 talia
2202 2262 2405 2335 ayunt
2426 2294 2447 2328 ,
2506 2273 2778 2336 reynum

382 2346 518 2413 Dei
559 2372 690 2412 non
731 2346 1174 2433 possidebunt.
1286 2347 1447 2412 Ideo
1494 2347 1656 2411 haec
1702 2346 1930 2411 eadem
1997 2369 2161 2431 quae
2202 2370 2477 2435 magnus
2518 2351 2774 2439 praedi-

373 2458 548 2514 cator
591 2448 906 2513 aeclesiae
935 2448 1065 2512 Dei
1107 2447 1488 2533 singillatim
1530 2446 1901 2529 nominavit,
1953 2470 2100 2511 cum
2144 2448 2317 2513 omni
2361 2450 2575 2515 studio
2620 2475 2771 2539 pro-

377 2549 740 2630 hibeantur,
787 2548 1249 2633 intellegentes
1285 2569 1477 2631 quam
1524 2548 1607 2611 sit
1632 2547 1924 2613 terribile
1965 2547 2129 2612 illud
2154 2548 2329 2633 quod
2352 2548 2559 2615 dixit:
2610 2551 2775 2631 Quo-

378 2651 556 2713 niam
596 2650 711 2737 qui
754 2649 919 2711 talia
963 2660 1184 2733 ayunt,
1230 2670 1500 2733 reqnum
1544 2645 1679 2712 Dei
1715 2670 1847 2711 non
1891 2662 2381 2737 consequentur.

553 2746 692 2813 Sed
737 2746 910 2811 omni
954 2745 1254 2810 instantia
1297 2755 1659 2812 ammonete
1706 2768 1817 2811 eos
1862 2746 1943 2811 de
1991 2747 2481 2840 dilectioneDei
2528 2757 2593 2815 et
2630 2774 2778 2839 pro—

385 2847 585 2929 ximi,
653 2846 736 2909 de
779 2846 910 2909 fide
971 2853 1036 2909 et
1079 2867 1193 2933 spe
1255 2845 1322 2911 in
1366 2847 1551 2930 Deo,
1623 2847 1706 2911 de
1748 2846 2110 2912 humilitate
2174 2856 2240 2912 et
2276 2849 2625 2936 patientia,
2698 2852 2781 2916 de

381 2946 666 3012 castitate
720 2953 785 3009 et
827 2944 1250 3028 continentia,
1327 2947 1409 3011 de
1449 2947 1851 3033 benignitate
1895 2956 1961 3011 et
1997 2948 2469 3032 misericordia,
2540 2950 2622 3015 de
2664 2952 2779 3017 eli-

379 3043 646 3110 mosinis
725 3053 790 3108 et
852 3045 1253 3110 confessione
1312 3055 1724 3135 peccatorum
1780 3070 2042 3113 suorum
2068 3097 2087 3130 ,
2156 3057 2223 3112 et
2267 3058 2339 3113 ut
2382 3050 2781 3117 debitoribus

381 3146 530 3229 suiS,
576 3145 930 3210 secundum
975 3145 1330 3211 orationem
1365 3146 1769 3228 dominicam,
1800 3146 2017 3213 debita
2049 3172 2161 3213 sua
2193 3148 2545 3216 dimittant:
2572 3152 2779 3217 scien-

386 3257 484 3311 tes
531 3246 885 3311 certissime
931 3246 1105 3331 quod
1149 3246 1257 3331 qui
1297 3246 1448 3311 talia
1492 3256 1712 3333 agunt,
1758 3270 2037 3333 regnum
2074 3248 2205 3314 Dei
2248 3249 2694 3337 possidebunt.

544 3346 630 3411 Et
675 3348 801 3411 hoc
841 3346 992 3411 ideo
1053 3346 1433 3432 diligentius
1502 3348 1899 3433 iniungimus
1956 3358 2208 3413 vestrae
2278 3350 2520 3415 caritati
2543 3401 2564 3435 ,
2633 3354 2785 3438 quia

384 3447 619 3511 scimus
696 3447 1096 3533 temporibus
1175 3447 1541 3512 novissimis
1613 3448 2169 3535 pseudodoctores
2245 3472 2387 3516 esse
2451 3460 2781 3535 venturOS,

388 3547 554 3611 sicut
594 3546 736 3635 ipse
779 3546 1102 3612 Dominus
1150 3546 1218 3611 in
1265 3547 1607 3633 evangelio
1649 3547 1994 3635 praedixit,
2036 3557 2101 3613 et
2147 3551 2507 3639 Apostolus
2540 3551 2781 3618 Paulus

383 3648 468 3713 ad
506 3648 918 3713 Timotheum
959 3655 1250 3712 testatur.
1326 3647 1521 3729 Ideo,
1584 3647 1981 3713 dilectissimi
2003 3696 2024 3730 ,
2090 3658 2223 3715 toto
2270 3652 2466 3717 corde
2509 3674 2779 3741 praepa-

383 3768 600 3814 remus
649 3770 767 3811 nos
807 3746 876 3811 in
919 3746 1185 3812 scientia
1228 3748 1537 3831 veritatiS,
1581 3757 1655 3813 ut
1694 3748 2017 3836 possimus
2062 3751 2643 3819 contradicentibus
2670 3775 2779 3818 ve-

382 3847 555 3913 ritati
599 3847 942 3929 resistere,
989 3856 1057 3911 et
1098 3845 1314 3912 divina
1358 3847 1639 3913 donante
1682 3850 1891 3935 gratia
1936 3853 2209 3917 verbum
2248 3852 2381 3917 Dei
2424 3862 2671 3919 crescat
2718 3864 2783 3919 et

383 3957 597 4013 currat
657 3956 722 4011 et
772 3944 1238 4033 multiplicetur
1291 3948 1360 4012 in
1415 3950 1778 4036 profectum
1829 3960 2081 4017 sanctae
2121 3952 2253 4019 Dei
2296 3953 2607 4047 aeclesiae
2627 4004 2647 4037 ,
2720 3962 2785 4019 et

381 4047 654 4111 salutem
695 4046 1051 4111 animarum
1087 4054 1472 4131 nostrarum,
1510 4058 1585 4113 et
1622 4048 1884 4114 laudem
1928 4048 1994 4115 et
2030 4051 2310 4137 gloriam
2350 4054 2629 4119 nominis
2664 4055 2777 4122 do-

381 4147 538 4211 mini
583 4147 786 4211 nostri
827 4146 981 4211 Iesu
1029 4144 1290 4211 Christi.
1359 4146 1501 4213 Pax
1537 4150 2076 4235 praedicantibuS,
2122 4152 2332 4239 gratia
2377 4152 2777 4219 oboedienti-

380 4250 520 4331 bus,
562 4246 773 4332 gloria
817 4246 1077 4311 domino
1123 4257 1342 4312 nostro
1387 4246 1541 4313 Iesu
1588 4248 1867 4315 Christo,
1957 4252 2197 4317 Amen.

547 4347 743 4413 Anno
774 4348 1129 4413 dominicae
1168 4348 1622 4415 incarnationis
1648 4348 2215 4437 DOOLXXXIX,
2239 4352 2594 4419 indictione
2622 4354 2777 4437 XII,

383 4471 550 4516 anno
597 4446 784 4513 XXI.
828 4448 1020 4535 regni
1061 4448 1301 4532 nostri,
1362 4457 1575 4516 actum
1622 4459 1721 4516 est
1760 4450 1947 4516 huius
1994 4452 2339 4539 legationis
2389 4452 2672 4519 edictum
2712 4454 2782 4519 in
