2959 4984
820 309 965 363 xlx.
1046 312 1540 366 CONCORDATA
1577 316 1640 365 A.
1679 311 1834 366 1418.
2409 316 2516 374 113

135 494 494 558 quacunque
534 473 884 538 verborum
926 473 1134 538 forma
1154 522 1173 555 ,
1231 495 1352 561 per
1412 495 1563 539 eum
1615 482 1724 540 aut
1775 475 1912 565 eius
1958 475 2362 546 Auctoritate
2419 483 2511 548 fa-

132 583 281 638 ctam
317 574 427 638 vel
470 571 789 655 fiendam,
834 595 967 638 non
1010 573 1342 662 impediet,
1383 596 1512 658 quo
1554 575 1764 640 minus
1810 575 1894 640 de
1930 575 2096 658 illis,
2141 599 2290 642 eum
2328 600 2515 648 vaca-2

130 675 274 738 bunt
314 674 398 738 de
438 673 768 739 mensibus
813 673 1185 756 Februarii,
1233 672 1524 762 Aprilis,
1569 674 1774 757 Iunii,
1820 675 2141 761 Augusti,
2188 675 2510 761 Octobris,

131 783 188 838 et
223 773 605 840 Decembris
629 822 648 856 ,
712 774 919 854 libere
984 773 1361 862 disponatur
1420 796 1542 860 per
1601 773 1747 839 illos
1777 824 1796 857 ,
1875 775 1958 839 ad
2005 798 2164 861 quos
2214 773 2511 862 collatio,

127 873 391 962 provisio
414 923 435 956 ,
489 873 961 961 praesentatio,
1008 874 1241 938 electio
1283 883 1393 938 aut
1441 873 1566 938 alia
1611 875 1872 959 quaevis
1917 875 2274 963 Dispositio
2313 879 2512 966 perti-

126 974 322 1057 nebit,
382 973 958 1040 Reservationibus
998 973 1139 1038 aliis
1182 973 1514 1060 premissis
1559 996 1633 1038 ac
1671 973 2222 1062 Dispositionibus
2267 978 2510 1044 Aucto-

128 1073 296 1138 ritate
328 1074 623 1139 eiusdem
662 1073 930 1139 Domini
974 1073 1177 1138 nostri
1215 1073 1432 1161 Papae
1471 1074 1654 1138 factis
1699 1074 1809 1139 vel
1849 1075 2180 1159 faciendiS,
2223 1099 2354 1142 non
2399 1081 2509 1144 ob·-

131 1175 423 1241 stantibus
463 1175 972 1260 quibuscunque.
1082 1174 1361 1258 Quoties
1403 1195 1562 1238 vero
1603 1174 1819 1259 aliquo
1863 1186 2130 1241 vacante
2173 1176 2509 1244 Beneficio

130 1274 201 1339 de
240 1275 567 1341 mensibus
606 1273 910 1357 Ianuarii,
951 1273 1190 1357 Martii,
1228 1273 1403 1356 Maii,
1447 1273 1618 1358 Iulii,
1663 1272 2071 1363 Septembris
2117 1285 2184 1340 et
2221 1275 2509 1344 Novem·

129 1376 244 1441 bris
268 1427 285 1457 ,
344 1375 777 1464 Dispositioni
819 1373 1241 1463 Apostolicae
1282 1371 1481 1440 Sedis
1537 1376 1920 1459 reservatis,
1961 1398 2094 1442 non
2139 1377 2512 1466 apparuerit

128 1473 277 1540 infra
324 1486 461 1541 tres
504 1497 763 1541 menses
800 1499 839 1539 a
865 1476 992 1542 Die
1034 1484 1227 1541 notae
1267 1475 1616 1540 vacationis
1652 1476 1722 1540 in
1752 1476 1930 1554 Loco
1970 1475 2285 1543 Beneficii
2332 1479 2507 1564 quod

133 1573 301 1640 alicui
342 1576 427 1642 de
470 1577 589 1642 illo
632 1575 1013 1665 Apostolica
1036 1575 1442 1641 Auctoritate
1485 1575 1684 1641 fuerit
1722 1576 2078 1664 provisum,
2127 1600 2216 1642 ex
2249 1587 2405 1644 tunc
2449 1589 2521 1658 et,

127 1697 239 1740 non
277 1686 465 1744 antea
484 1725 505 1761 ,
556 1675 941 1743 Ordinarius
979 1675 1089 1740 vel
1130 1675 1291 1741 alius
1306 1725 1325 1758 ,
1380 1675 1463 1739 ad
1511 1697 1704 1760 quem
1737 1667 1914 1741 illius
1949 1677 2310 1765 Dispositio
2354 1701 2503 1767 per·

135 1776 361 1858 tinebit,
404 1778 489 1842 de
534 1776 649 1841 illo
696 1776 904 1841 libere
950 1775 1268 1864 disponat.

268 1875 435 1941 Item
481 1878 565 1942 ad
608 1877 807 1943 finem
822 1889 873 1960 ,‘
907 1887 981 1942 ut
1021 1877 1183 1942 haec
1230 1876 1548 1942 ordinatio
1594 1876 1976 1944 Collationis
2021 1879 2507 1950 Beneficiorum

127 1995 241 2038 non
276 1988 757 2044 reservatorum
799 1999 919 2066 per
982 1977 1267 2042 alternos
1313 1998 1570 2042 menses
1611 1979 1818 2066 possit
1857 1983 1978 2066 per
2021 1978 2348 2045 nationem
2387 2003 2505 2068 pu-

127 2074 345 2160 blicari,
391 2088 459 2142 et
500 2101 746 2162 omneS,
789 2076 897 2163 qui
938 2077 1079 2166 ipsa
1119 2077 1410 2163 gaudere
1452 2077 1796 2162 voluerint,
1838 2089 2093 2168 tempus
2142 2101 2502 2167 congruum

128 2174 382 2242 habeant
437 2177 716 2244 eandem
782 2175 1159 2264 acceptandi
1176 2225 1196 2260 ,
1277 2186 1431 2242 tunc
1488 2178 1702 2262 quoad
1762 2179 2210 2267 Apostolicam
2257 2175 2508 2246 Sedem

131 2274 188 2339 in
226 2275 542 2366 Kalendis
582 2277 754 2344 Iunii
790 2277 1091 2365 proxime
1134 2277 1368 2342 futuris
1403 2277 1546 2364 ipsa
1587 2299 1849 2343 currere
1890 2279 2177 2366 incipiet,
2223 2279 2504 2345 durabit-

133 2397 243 2459 que
284 2376 626 2467 deinceps,
680 2377 801 2443 nisi
842 2376 912 2442 in
956 2377 1173 2442 futuro
1218 2375 1512 2444 Concilio
1559 2376 1640 2441 de
1689 2375 2028 2443 Consensu
2069 2379 2344 2444 nationis
2387 2379 2502 2445 ali·

130 2481 213 2540 ter
246 2473 440 2544 fuerit
484 2478 869 2544 ordinatum.

274 2576 441 2642 Item
494 2577 661 2642 circa
702 2577 1141 2665 provisionem
1187 2576 1607 2664 Apostolicae
1650 2573 1814 2642 Sedi
1857 2574 2281 2644 ordinandam
2303 2627 2323 2660 ,
2369 2598 2505 2642 mo·

133 2672 233 2739 dus
274 2676 681 2743 Annatarum
734 2677 863 2744 hoc
922 2676 1121 2744 modo
1180 2686 1426 2742 currat:
1498 2676 1604 2741 De
1647 2675 1958 2743 Ecclesiis
2011 2675 2505 2744 Cathedralibus

130 2775 397 2842 omnibus
444 2786 511 2841 et
549 2775 963 2842 Monasteriis
1004 2777 1297 2843 virorum
1348 2775 1682 2858 duntaxat,
1729 2779 2098 2844 vacantibus
2145 2787 2210 2843 et
2249 2789 2506 2844 vacatu-

129 2872 224 2957 ris,
258 2877 593 2942 solventur
626 2899 748 2966 pro
796 2877 1109 2944 fructibus
1152 2875 1344 2964 primi
1392 2875 1574 2941 Anni
1619 2900 1656 2940 a
1696 2877 1828 2942 Die
1866 2879 2247 2961 vacationis,
2314 2877 2508 2945 Sum·

131 2995 252 3039 mae
311 2977 733 3065 pecuniarum
792 2976 862 3042 in
910 2975 1091 3042 libris
1138 2971 1452 3043 Gamerae
1497 2975 1918 3064 Apostolicae
1965 2987 2244 3043 'taxatae
2259 3027 2278 3061 ,
2332 3001 2496 3066 quae

132 3078 469 3141 communia
515 3076 774 3141 servitia
812 3084 1282 3164 nuncupantur.
1346 3071 1419 3140 Si
1465 3097 1631 3159 quae
1677 3098 1834 3143 vero
1877 3078 2208 3144 excessive
2252 3087 2506 3148 taxatae

132 3185 261 3240 sunt
282 3224 302 3259 ,
342 3186 766 3259 retaxentur3
806 3187 871 3241 et
911 3175 1339 3265 providentur
1380 3174 1748 3263 specialiter
1789 3176 1858 3242 in
1897 3179 2178 3263 gravatis
2219 3180 2504 3266 regioni-

127 3272 228 3339 bus
270 3275 627 3343 secundum
683 3275 1055 3361 qualitatem
1112 3298 1331 3340 rerum
1352 3324 1372 3357 ,
1434 3283 1804 3362 temporum
1849 3285 1913 3340 et
1953 3277 2301 3362 regionum
2327 3325 2348 3360 ,
2410 3303 2494 3344 ne

127 3372 372 3442 nimium
418 3384 975 3465 praegraventur:
1034 3375 1117 3440 ad
1159 3374 1335 3460 quod
1380 3376 1680 3452 sanctiss,
1722 3376 1808 3440 D.
1852 3376 1937 3441 N.
1977 3379 2348 3463 petentibus
2393 3380 2502 3445 da-

127 3472 207 3538 bit
247 3474 731 3543 Commissarios
794 3476 865 3541 in
909 3476 1199 3565 partibus
1222 3524 1241 3558 ,
1320 3475 1429 3560 qui
1482 3474 1836 3562 diligenter
1891 3478 2236 3563 inquirant,
2293 3487 2359 3543 et
2401 3502 2501 3546 re-

128 3580 350 3642 taxent.

272 3677 495 3742 Taxae
556 3686 772 3742 autem
832 3677 1202 3764 praedictae
1258 3699 1379 3766 pro
1446 3676 1662 3742 media
1726 3685 1910 3764 parte
1961 3677 2128 3742 infra
2184 3699 2420 3742 annum
2466 3705 2504 3744 a

128 3772 239 3838 Die
281 3776 537 3842 habitae
583 3775 1009 3864 possessionis
1057 3775 1362 3863 pacificae
1403 3775 1602 3840 totius
1653 3775 1762 3840 vel
1823 3775 2081 3841 maioris
2127 3777 2328 3863 partis
2375 3778 2500 3841 sol-

128 3884 371 3960 vantur3
418 3886 485 3942 et
525 3898 644 3964 pro
687 3876 902 3940 media
940 3886 1127 3963 parte
1166 3876 1290 3940 alia
1330 3875 1501 3940 infra
1544 3885 1925 3961 sequentem
1969 3898 2225 3941 annum.
2310 3875 2398 3942 Et
2441 3879 2494 3942 si

129 3971 275 4040 infra
310 4001 548 4043 annum
593 3977 693 4042 bis
730 3976 836 4041 vel
876 3977 1123 4066 pluries
1167 3977 1538 4042 vacaverint
1560 4027 1578 4059 ,
1642 3977 1846 4042 semel
1885 3986 2134 4042 tantum
2170 3977 2500 4060 solvetur3

131 4094 241 4139 nec
280 4075 568 4144 debitum
614 4075 982 4142 huiusmodi
1042 4079 1111 4142 in
1171 4099 1614 4144 successorem
1667 4079 1736 4143 in
1779 4077 2076 4144 Ecclesia
2130 4076 2239 4142 vel
2279 4076 2502 4142 Mona-

143 4175 320 4242 sterio
361 4187 675 4244 transeat:
728 4178 812 4242 de
858 4178 1126 4243 caeteris
1168 4177 1647 4265 Dignitatibus,
1712 4178 2170 4243 Personatibus
2184 4226 2204 4260 ,
2252 4176 2502 4244 Officiis

136 4283 191 4338 et
237 4275 576 4345 Beneficiis
638 4279 1073 4344 saecularibus
1136 4279 1624 4364 quibuscunque
1683 4289 1746 4343 et
1803 4279 2216 4368 regularibus
2240 4326 2261 4361 ,
2337 4299 2500 4363 quae

134 4373 509 4444 Auctoritate
552 4373 747 4442 Sedis
794 4376 1215 4465 Apostolicae
1260 4377 1675 4444 conferentur
1693 4428 1713 4461 ,
1783 4379 1891 4443 vel
1949 4379 2031 4444 de
2080 4382 2312 4466 quibus
2349 4405 2500 4471 pro-

136 4472 459 4562 videbitur,
518 4486 971 4566 praeterquam
1014 4478 1246 4565 vigore
1292 4476 1877 4564 exspectativarum
1897 4529 1917 4562 ,
1959 4491 2070 4546 aut
2113 4505 2305 4550 causa
2350 4503 2498 4570 per-

186 4574 341 4623 Wcltoe
371 4579 543 4624 Foneee
579 4581 699 4623 iuris
728 4581 1058 4625 ecclesiastici.
2065 4585 2101 4638 8
