2959 4984
393 273 690 325 Lxxxm.
764 269 1251 326 coNs‘rrrUTlo
1294 273 1393 324 DE
1434 271 2110 324 APPELLATIONIBUS
2154 273 2218 324 A.
2256 267 2410 328 1742.
2501 271 2603 328 531

185 438 429 506 iisdem
456 437 765 522 Notat-iis,
808 457 1165 522 eorumque
1212 435 1616 520 Substitutis,
1663 436 2033 522 scientibus,
2073 437 2184 502 vel
2221 437 2445 504 insciis
2484 437 2534 506 J
2533 459 2602 504 u-

190 539 473 622 dicibus,
514 539 623 603 vel
660 538 819 604 alias
864 537 1357 624 quomodolibet
1393 537 1463 603 in
1505 546 1842 625 posterum
1898 536 2198 625 expediri
2239 537 2608 624 contigerit,

194 639 433 706 sedulo
472 637 777 724 cognosci
796 687 817 720 ,
877 646 943 702 et
986 637 1341 704 examinari
1400 659 1521 725 per
1566 636 1698 702 fide
1743 636 1976 724 dignas
2024 636 2350 704 Personas
2389 661 2428 702 a
2469 636 2605 703 No-

188 740 295 805 bis
344 747 709 826 opportune
757 737 1195 825 deputandas,
1240 759 1405 823 quae
1451 738 1506 801 si
1559 736 2148 824 deprehenderint,
2193 737 2457 803 easdem
2499 737 2608 804 In-

191 837 545 905 hibitiones
610 847 839 906 contra
879 839 1073 924 hujus
1122 838 1621 906 Constitutionis
1663 838 1938 904 formam
1961 889 1982 923 ,
2049 847 2116 902 et
2154 838 2238 904 ad
2280 839 2603 904 subterfu-

198 938 451 1025 gienda
496 937 1029 1024 ordinariorum,
1076 947 1143 1004 et
1183 937 1659 1027 Episcoporum
1695 937 1976 1025 judicia,
2041 938 2333 1024 quaesito
2375 960 2606 1024 grava·-

196 1040 391 1106 minis
432 1037 671 1122 colore,
716 1039 917 1104 fuisse
945 1061 1293 1127 perperam
1338 1059 1702 1120 concessas,
1735 1047 1798 1102 et
1832 1037 2190 1124 expeditas,
2233 1038 2302 1103 in
2340 1038 2604 1104 eosdem

197 1139 533 1223 Notarios,
582 1149 649 1204 et
684 1137 1085 1205 Substitutos
1130 1137 1481 1206 Canonieis
1521 1138 1753 1226 poenis
1774 1185 1795 1221 ,
1857 1137 2130 1222 aliisque
2173 1162 2211 1203 a
2253 1137 2462 1205 Nobis
2507 1161 2610 1204 su-

202 1264 326 1330 pra
372 1239 723 1327 expressis,
764 1259 995 1304 severe
1036 1260 1159 1326 pro
1208 1236 1403 1302 modo
1450 1238 1680 1324 eulpae
1723 1237 2254 1303 animadvertant.

370 1343 433 1422 ξ.
475 1339 577 1406 50.
662 1341 1117 1408 Decernentes
1162 1338 1279 1402 has
1340 1346 1720 1426 praesentes
1779 1337 1999 1402 literas
2055 1357 2314 1425 semper
2373 1337 2614 1424 firmas,

210 1439 487 1523 validas,
533 1449 597 1504 et
634 1437 936 1504 efficaces
982 1437 1289 1522 existere,
1332 1445 1399 1502 et
1426 1437 1589 1521 fore,
1633 1458 1914 1523 suosque
1955 1437 2306 1525 plenarios,
2350 1447 2416 1503 et
2451 1439 2613 1505 inte·

206 1563 371 1628 gros
416 1539 686 1604 effectus
731 1538 967 1623 sortiri,
1010 1547 1075 1603 et
1118 1538 1450 1620 obtinere,
1515 1560 1590 1601 ac
1633 1538 1715 1603 ab
1774 1537 1935 1620 illis,
2001 1537 2086 1603 ad
2133 1559 2294 1623 quos
2337 1547 2609 1627 spectat,

206 1649 279 1706 et
320 1661 443 1729 pro
484 1648 779 1728 tempore
824 1639 1363 1725 quandocumque
1385 1637 1722 1726 spectabit,
1762 1635 2246 1724 inviolabiliter,
2291 1648 2359 1704 et
2388 1639 2613 1708 incon⁴

204 1762 397 1807 cusse
442 1738 807 1821 observari3
872 1736 1113 1824 Sisque
1135 1790 1155 1824 ,
1220 1747 1287 1804 et
1330 1759 1463 1803 non
1504 1738 1693 1802 aliter
1732 1737 1802 1804 in
1842 1739 2213 1826 praemissis
2259 1762 2376 1828 per
2420 1763 2608 1826 quos·

210 1861 493 1925 cumque
538 1839 815 1909 Judiees
860 1837 1267 1922 Ordinarios,
1312 1847 1379 1902 et
1418 1837 1804 1923 Delegatos,
1847 1839 2039 1904 etiam
2087 1838 2450 1907 Causarum
2492 1841 2610 1907 Pa·

208 1941 353 2006 latii
402 1939 769 2028 Apostolici
812 1938 1203 2021 Auditores,
1248 1947 1316 2004 et
1358 1935 1636 2004 Sanctae
1681 1938 2012 2004 Romanae
2053 1938 2390 2006 Ecclesiae
2430 1963 2619 2028 prae-

209 2041 386 2106 fatae
431 2037 859 2120 cardinales,
934 2037 1127 2102 etiam
1189 2037 1275 2102 de
1328 2038 1536 2104 latere
1576 2037 1901 2124 Legatos,
1963 2047 2034 2104 et
2085 2040 2380 2125 ejusdem
2426 2039 2626 2108 Sedis

207 2138 531 2220 Nuncios,
574 2138 818 2202 aliosve
870 2137 1201 2222 quoslibet
1222 2159 1628 2223 quacumque
1671 2139 2164 2227 praeminentia,
2209 2150 2274 2206 et
2296 2151 2618 2228 potestate

204 2241 569 2328 fungentes
597 2288 618 2323 ,
678 2247 746 2302 et
789 2238 1129 2302 functuros
1152 2287 1173 2323 ,
1234 2237 1486 2303 sublata
1527 2239 1618 2302 eis
1638 2286 1658 2320 ,
1712 2247 1778 2302 et
1816 2261 2041 2304 eorum
2091 2239 2356 2305 cuilibet
2397 2240 2622 2325 quavis

206 2339 405 2406 aliter
438 2338 811 2425 judicandi,
876 2347 943 2404 et
982 2337 1453 2427 interpretandi
1497 2338 1804 2404 facultate
1825 2389 1846 2424 ,
1889 2349 1954 2404 et
1997 2339 2372 2406 auctoritate
2393 2390 2414 2425 ,
2452 2341 2622 2427 judi-

212 2439 375 2522 cari,
422 2448 489 2504 et
532 2436 789 2504 definiri
836 2438 1100 2521 debere,
1146 2461 1223 2503 ac
1263 2438 1538 2524 irritum,
1586 2446 1652 2504 et
1690 2439 1904 2523 inane,
1947 2439 2004 2504 si
2045 2460 2231 2505 secus
2271 2461 2475 2530 super
2518 2442 2622 2508 his

212 2566 259 2607 a
300 2561 629 2626 quoquam
672 2539 895 2624 quavis
936 2538 1320 2606 auctoritate
1361 2540 1674 2623 scienter,
1741 2540 1852 2604 vel
1909 2538 2290 2626 ignoranter
2333 2541 2624 2628 contige-

210 2642 303 2708 rit
342 2638 665 2704 attentari.
1821 2719 1828 2724 ι

388 2741 449 2822 §-
488 2739 593 2804 51.
678 2738 832 2804 Non
876 2740 1275 2806 obstantibus
1320 2738 1691 2826 praemissis
1711 2787 1732 2822 ,
1788 2760 1865 2804 ac
1919 2747 2235 2823 quatenus
2295 2761 2456 2826 opus
2523 2743 2626 2828 sit,

216 2849 465 2924 nostra,
506 2850 575 2903 et
614 2837 1057 2906 cancellariae
1100 2839 1523 2928 Apostolicae
1569 2838 1804 2924 regula
1846 2838 1928 2903 de
1959 2839 2108 2924 jure
2155 2837 2443 2924 quaesito
2486 2864 2618 2908 non

215 2937 553 3023 tollendo,
592 2937 864 3025 aliisque
910 2938 1498 3007 Constitutionibus
1518 2991 1538 3024 ,
1595 2948 1663 3004 et
1705 2937 2244 3006 ordinationibus
2285 2939 2618 3028 Apostoli-

214 3040 335 3126 cis,
376 3059 631 3105 necnon
674 3040 1007 3126 quibusvis
1023 3091 1043 3124 ,
1112 3039 1307 3104 etiam
1346 3041 1720 3124 juramento
1740 3089 1761 3123 ,
1805 3037 2290 3105 confirmatione
2339 3040 2621 3128 Aposto-

212 3141 369 3227 lica,
408 3140 517 3206 vel
560 3140 785 3224 quavis
829 3139 1133 3204 firmitate
1174 3139 1299 3204 alia
1338 3138 1682 3222 roboratis,
1726 3138 2002 3222 statutis,
2045 3147 2112 3202 et
2138 3140 2621 3206 consuetudini·

218 3244 371 3325 bus,
412 3263 489 3305 ac
524 3240 768 3323 usibus,
814 3249 877 3304 et
922 3239 1131 3326 stylis,
1174 3239 1371 3304 etiam
1400 3238 2042 3322 immemorabilibuS,
2081 3237 2448 3324 privilegiis
2473 3263 2629 3328 quo-

216 3361 373 3427 que,
418 3339 723 3424 indultis,
784 3347 849 3404 et
889 3339 1097 3404 literis
1140 3337 1540 3427 Apostolicis
1557 3386 1577 3422 ,
1635 3337 1964 3426 praefatis,
2003 3337 2276 3422 aliisque
2325 3340 2632 3422 quibusli-

214 3441 337 3508 bet
378 3439 425 3508 J
428 3439 744 3524 udicibus,
789 3438 1027 3524 Curiis,
1068 3439 1548 3523 Tribunalibus,
1594 3449 1658 3504 et
1691 3437 2021 3522 PersoniS,
2061 3439 2256 3504 etiam
2297 3449 2630 3522 quantum-

214 3543 323 3606 vis
366 3540 770 3624 sublimibus,
817 3547 883 3604 et
923 3538 1383 3628 specialissima
1420 3538 1754 3604 mentione
1787 3537 2030 3622 dignis,
2073 3539 2192 3602 sub
2222 3536 2630 3623 quibuscum-

220 3661 353 3729 que
394 3640 749 3725 tenoribus,
797 3649 865 3704 et
901 3639 1149 3724 formis,
1189 3663 1264 3704 ac
1302 3663 1449 3704 cum
1470 3638 1807 3724 quibusvis
1851 3636 2040 3701 etiam
2075 3636 2632 3724 derogatoriarum

223 3739 658 3827 derogatoriis
686 3791 707 3824 ,
770 3739 1042 3824 aliisque
1103 3738 1612 3823 efficacioribus,
1675 3735 2139 3802 efficacissimis
2156 3785 2177 3819 ,
2235 3745 2301 3800 et
2357 3735 2634 3805 insolitis

218 3841 555 3926 clausulis,
598 3839 1128 3924 irritantibusque
1171 3838 1471 3922 decretis,
1515 3837 1708 3902 etiam
1753 3843 1950 3915 motu,
2003 3833 2290 3919 scientia,
2341 3847 2407 3902 et
2443 3848 2626 3926 pote-

218 3942 401 4009 statis
444 3939 855 4029 plenitudine
900 3941 1186 4028 paribus,
1230 3961 1305 4004 ac
1352 3937 1922 4021 consistorialiter,
1965 3942 2031 4000 et
2075 3932 2230 3999 alias
2277 3934 2628 4019 quomodo-

218 4043 387 4110 libet
426 4041 498 4106 in
542 4039 935 4106 contrarium
980 4039 1490 4128 praemissorum
1535 4037 1898 4121 concessis,
1953 4033 2148 4100 editis
2173 4083 2196 4120 ,
2265 4035 2452 4100 factis
2475 4088 2496 4121 ,
2553 4061 2630 4103 ac

214 4141 471 4234 pluries
510 4141 759 4206 iteratis
780 4191 803 4226 ,
846 4149 913 4206 et
955 4140 1488 4226 quantiscumque
1530 4136 1778 4205 vicibus
1823 4136 2230 4225 approbatis,
2289 4135 2623 4202 confirma-

216 4245 327 4330 tis,
369 4252 437 4308 et
472 4242 824 4308 innovatis:
869 4242 1122 4324 Quibus
1169 4241 1490 4325 omnibuS,
1534 4249 1599 4305 et
1640 4239 1934 4326 singulis,
1980 4237 2174 4302 etiam
2221 4238 2274 4303 si
2317 4258 2437 4324 pro
2478 4236 2631 4320 illo--

216 4367 370 4412 rum
412 4342 762 4410 sufficienti
826 4341 1253 4428 derogatione
1309 4342 1393 4407 de
1436 4341 1604 4425 illis,
1669 4359 2024 4424 eorumque
2085 4337 2244 4404 totis
2295 4335 2632 4402 tenoribus

219 4442 547 4534 specialis,
588 4442 912 4531 specifica,
952 4463 1283 4530 expressa,
1335 4449 1401 4506 et
1438 4435 1776 4506 individua
1802 4490 1822 4522 ,
1865 4461 1940 4504 ac
1980 4439 2064 4505 de
2107 4439 2312 4503 verbo
2357 4437 2440 4502 ad
2474 4458 2626 4502 ‘ver-
