2959 4984
412 284 517 340 112
770 355 777 360 ·
1110 286 1254 338 mx.
1326 285 1812 338 cosconmn
1852 284 1913 333 Δ.
1955 283 2112 340 1448.

410 448 842 530 nonicatuum,
888 447 1416 516 Praebendarum
1433 496 1453 531 ‚
1489 446 1930 514 Ecclesiamm
1971 454 2080 511 aut
2119 447 2610 514 Beneficiorum
2655 449 2818 516 alio-

408 571 553 614 rum
597 571 717 636 per
754 569 873 614 nos
894 597 915 630 ,
982 569 1097 614 seu
1136 547 1540 614 Auctoritate
1580 557 1946 614 nostrarum
1993 547 2387 612 Litterarum
2429 547 2814 614 immediate

408 647 807 729 collatorum,
848 669 965 713 seu
1010 647 1552 714 conferendorum
1591 647 1662 712 in
1689 656 2041 735 posterum,
2083 656 2536 734 praeterquam
2579 649 2636 713 si
2678 649 2812 714 vir-

405 755 541 810 tute
588 747 833 833 gratiae
876 747 1353 835 exspectativae
1394 747 1710 813 assecutio
1757 747 1888 828 fiat,
1929 770 2104 812 nunc
2145 749 2438 812 vacantia
2479 756 2546 811 et
2591 747 2664 812 in
2697 770 2814 812 an-

408 854 513 910 tea
551 857 853 914 vacatura
878 897 897 931 ,
951 849 1145 936 plena
1209 869 1405 936 super
1470 847 1840 935 praemissis
1885 848 2180 914 omnibus
2225 855 2292 911 et
2333 846 2612 932 singulis
2659 869 2812 912 eum

402 944 705 1010 fratribus
748 947 987 1014 nostris
1046 948 1390 1014 collatione
1452 947 1862 1035 praehabita,
1938 955 2005 1013 et
2039 955 2287 1012 matura
2331 945 2814 1014 deliberatione

402 1055 623 1110 secuta
664 1047 1053 1112 ordinationi
1094 1047 1502 1136 dispositioni
1539 1070 1614 1112 ac
1653 1047 2010 1135 provisioni
2057 1055 2336 1128 nostrae,
2379 1045 2464 1110 de
2505 1045 2806 1132 ipsorum

398 1144 671 1212 fratrum
710 1147 995 1231 consili0,
1038 1148 1442 1214 Auctoritate
1486 1147 1886 1236 Apostoliea,
1931 1168 2358 1214 reservamus.
2417 1147 2807 1212 Decernen-

400 1256 501 1311 tes
546 1267 633 1312 ex
670 1271 841 1312 nuuc
880 1246 1133 1312 irritum
1168 1257 1235 1312 et
1270 1247 1481 1330 inane,
1517 1248 1570 1312 si
1617 1269 1804 1312 secus
1847 1269 2045 1335 super
2087 1245 2481 1334 praemissi3‚
2531 1256 2598 1310 et
2639 1269 2805 1332 quo-

396 1345 561 1412 libet
602 1368 859 1429 eorum,
920 1369 1040 1435 per
1084 1369 1503 1434 quoscunque
1523 1395 1543 1430 ,
1619 1348 1841 1432 quavis
1885 1347 2300 1430 auctoritate,
2369 1346 2650 1412 scienter
2692 1349 2811 1412 vel

396 1446 776 1532 ignoranter
820 1449 1167 1534 contigerit
1206 1448 1594 1536 attemptari.

560 1546 731 1612 Item
786 1548 855 1612 in
912 1547 1223 1614 Ecclesiis
1284 1547 1804 1636 Metropolitanis
1873 1557 1942 1612 et
1984 1546 2481 1613 Cathedralibus
2508 1595 2528 1629 ,
2601 1546 2804 1610 etiam

398 1644 821 1731 Apostolicae
873 1644 1037 1712 Sodi
1094 1647 1467 1712 immediate
1531 1670 1664 1714 non
1730 1647 2031 1714 subiectis
2053 1695 2074 1730 ,
2105 1691 2112 1696 -
2143 1658 2212 1712 et
2263 1645 2334 1710 in
2377 1645 2806 1711 Monasteriis

398 1742 817 1831 Apostolicae
866 1743 1025 1812 Sedi
1062 1747 1433 1813 immediate
1495 1748 1836 1831 subiectis,
1905 1747 2062 1812 fiant
2100 1747 2470 1812 Electiones
2517 1744 2804 1812 Canoni-

400 1865 511 1908 cae
540 1894 559 1927 ,
638 1868 801 1931 quae
864 1847 946 1912 ad
990 1846 1237 1914 Sedem
1284 1848 1736 1936 Apostolicam
1783 1847 2157 1913 deferantur
2181 1897 2201 1931 ,
2273 1869 2430 1932 quas
2477 1849 2674 1914 etiam
2717 1850 2808 1914 ad

396 1953 650 2031 tempus
695 1947 1109 2012 constitutum
1150 1948 1221 2012 in
1266 1945 1740 2014 Constitutione
1777 1946 2066 2030 Nicolai,
2140 1970 2304 2032 quae
2346 1949 2604 2036 incipit:
2667 1949 2803 2015 Cu-

404 2043 659 2131 pientes
697 2044 876 2134 Papa
922 2056 1292 2135 exspectet3
1346 2068 1473 2132 quo
1515 2048 1718 2130 facto,
1777 2047 1833 2112 si
1878 2069 2010 2112 non
2049 2047 2292 2113 fuerint
2329 2057 2806 2136 praesentatae,

398 2143 507 2208 vel
554 2144 607 2208 si
652 2157 1097 2233 praesentatae
1158 2148 1377 2214 minus
1416 2146 1780 2214 Canonicae
1845 2147 2126 2228 fuerint,
2191 2147 2371 2235 Papa
2431 2149 2802 2236 provideat.

388 2240 466 2309 Si
505 2265 664 2309 vero
708 2244 1070 2312 Canonicae
1110 2246 1387 2330 fuerint,
1450 2247 1632 2335 Papa
1693 2269 1798 2312 eas
1861 2247 2230 2330 confirmet3
2293 2248 2418 2313 nisi
2464 2269 2550 2312 ex
2595 2272 2798 2314 causa

386 2343 751 2410 rationabili
820 2356 885 2414 et
930 2347 1215 2413 evidenti
1243 2396 1263 2429 ,
1333 2356 1399 2411 et
1457 2347 1540 2412 (16
1597 2347 1866 2412 fratrum
1913 2347 2180 2412 consilio
2247 2347 2332 2412 (16
2395 2347 2682 2434 digniori
2729 2359 2800 2414 et

390 2444 635 2511 utiliori
676 2468 953 2532 persona
1002 2446 1265 2512 duxerit
1306 2445 1806 2534 providendum.
1867 2446 2160 2528 Proviso,
2207 2443 2384 2531 quod
2429 2445 2798 2512 confirmati

390 2554 457 2608 et
494 2547 738 2634 provisi
792 2569 911 2634 per
953 2546 1230 2634 Papam,
1275 2544 1693 2610 nihilominus
1735 2545 2252 2633 Metropolitanis
2314 2552 2380 2610 et
2417 2545 2560 2609 aliis
2599 2568 2795 2632 prae-

388 2654 563 2710 stent
604 2646 821 2712 debita
858 2646 1229 2710 Iuramenta
1271 2654 1336 2710 et
1374 2645 1517 2728 alia,
1561 2645 1645 2710 ad
1694 2667 1856 2730 quae
1899 2645 1983 2716 de
2025 2645 2178 2711 Iure
2224 2653 2546 2726 tenentur.

549 2746 631 2810 In
652 2745 1082 2828 Monasteriis,
1126 2767 1289 2830 quae
1332 2768 1465 2810 non
1501 2754 1651 2810 sunt
1691 2745 2060 2810 immediate
2093 2744 2380 2810 subiecta
2400 2743 2563 2810 Sedi
2595 2744 2788 2833 Apo-

386 2845 651 2909 stolicae
671 2894 691 2927 ,
748 2867 871 2912 nee
910 2867 1043 2910 non
1086 2845 1156 2909 in
1192 2845 1333 2910 aliis
1377 2845 1726 2910 Beneficiis
1770 2844 2180 2932 regularibus
2201 2893 2222 2926 ‚
2289 2867 2487 2932 super
2550 2845 2792 2929 quibus

383 2965 505 3031 pro
552 2945 1035 3009 confirmatione
1080 2966 1197 3010 seu
1233 2944 1606 3031 provisione
1649 2967 1782 3010 11011
1823 2944 2161 3010 consuevit
2195 2944 2438 3011 habere
2477 2967 2790 3010 recursus

383 3043 468 3108 ad
510 3040 758 3109 Sedem
802 3043 1248 3132 Apostolicam
1272 3093 1292 3126 ,
1350 3066 1484 3110 non
1549 3053 1888 3110 teneantur
1931 3045 2158 3109 venire
2199 3043 2409 3110 Electi
2430 3094 2450 3127 ,
2507 3067 2624 3110 seu
2666 3046 2792 3128 illi,

388 3143 621 3227 quibus
662 3144 1140 3231 providendum
1184 3153 1299 3226 est,
1346 3143 1431 3208 ad
1480 3141 1742 3208 Curiam
1759 3193 1780 3226 ,
1823 3143 1908 3208 ad
1944 3143 2316 3209 habendum
2357 3145 2790 3210 confirmatio-

381 3264 536 3308 nem
579 3244 689 3308 vel
730 3244 1216 3333 provisionem3
1286 3265 1411 3308 nec
1467 3244 1660 3309 etiam
1713 3243 1881 3308 dicta
1922 3241 2256 3309 Beneficia
2297 3243 2632 3328 regularia
2675 3268 2778 3309 ca-

384 3342 543 3406 dant
579 3343 649 3408 in
685 3337 909 3430 gratiis
954 3343 1425 3433 exspectativiS.
1523 3340 1656 3410 Ubi
1700 3352 1915 3406 autem
1955 3342 2025 3406 111
2067 3341 2480 3408 Monasteriis
2519 3340 2604 3406 ad
2653 3340 2785 3408 Cu-

388 3441 551 3508 riam
593 3443 947 3509 Romanam
986 3444 1209 3510 venire
1252 3465 1368 3508 seu
1412 3442 1668 3509 mittere
1711 3451 2205 3524 consueverunt,
2247 3440 2337 3506 ibi
2378 3441 2558 3530 Papa
2597 3441 2788 3506 aliter

386 3566 519 3610 11011
562 3543 900 3610 confirmet
942 3566 1058 3608 seu
1105 3543 1446 3629 provideat
1473 3591 1494 3624 ‚
1565 3563 1754 3626 quam
1801 3542 2098 3628 superius
2152 3540 2234 3605 de
2283 3539 2786 3607 Cathedralibus

384 3644 697 3710 Ecclesiis
761 3652 863 3710 est.
917 3665 1319 3730 expressum.
1403 3642 1510 3706 De
1555 3640 1964 3706 Monasteriis
2003 3640 2384 3706 Monialium
2420 3638 2604 3727 Papa
2649 3664 2790 3706 non

388 3745 705 3833 disponat,
749 3746 873 3810 nisi
916 3745 1043 3810 sint
1083 3754 1360 3828 exemto„
1418 3755 1486 3809 et
1525 3753 1680 3810 tunc
1724 3766 1842 3831 per
1890 3741 2432 3808 Commissionem
2471 3739 2540 3804 in
2581 3741 2784 3828 parti-

385 3847 526 3910 bus,
574 3845 681 3910 De
723 3845 995 3911 caeteris
1037 3846 1486 3934 Dignitatibus
1531 3853 1597 3909 et
1613 3843 1980 3920 ‚Beneficiis
2024 3843 2513 3928 quibuscunque
2559 3861 2781 3906 saecu·

383 3944 626 4010 laribus
674 3955 739 4011 et
778 3945 1184 4032 regularibus
1233 3945 1548 4010 vacaturis
1566 3993 1586 4026 ,
1646 3945 1818 4008 ultra
1880 3942 2352 4008 reservationes
2399 3940 2530 4006 iam
2579 3939 2782 4006 dictas

388 4045 735 4110 maioribus
764 4045 1201 4132 Dignitatibus
1244 4054 1393 4134 post
1412 4043 1830 4110 Pontificales
1871 4043 1940 4107 in
1963 4040 2455 4108 Catbedralibus
2499 4049 2565 4104 et
2595 4039 2782 4104 Prin-

384 4143 699 4233 cipalibus
743 4145 813 4212 in
862 4144 1244 4232 Collegiatis
1284 4145 1599 4232 exceptiS‚
1658 4144 1738 4208 de
1783 4143 2014 4228 quibus
2056 4141 2212 4206 Iure
2257 4139 2586 4207 ordinario
2628 4163 2780 4228 pro-

381 4244 680 4309 videatur
723 4266 843 4331 per
884 4245 1029 4309 illos
1076 4243 1453 4326 inferiores,
1499 4243 1582 4310 ad
1629 4265 1790 4328 quos
1833 4242 1992 4308 alias
2038 4239 2340 4330 pertinet.
2400 4239 2592 4306 Idem
2637 4263 2782 4306 san-

383 4343 703 4410 ctissimus
724 4343 1045 4410 Dominus
1088 4351 1311 4410 noster
1352 4363 1471 4430 per
1519 4362 1968 4426 quamcunque
2009 4339 2199 4405 aliam
2245 4337 2780 4430 reservationem,

384 4443 661 4527 gratiam
734 4442 1237 4530 exspectativam
1298 4449 1409 4506 aut
1474 4441 1763 4526 quamvis
1827 4439 2019 4506 aliam
2079 4435 2598 4527 Dispositionem
2653 4437 2780 4526 gub
