2959 4984
340 291 449 348 514
520 293 787 346 Lxxxu.
850 289 1343 346 cousu‘rurlo
1386 291 1486 344 DE
1523 289 1896 344 molemus
1933 283 2441 342 srmonamnus
2481 289 2536 338 Δ.
2573 285 2730 340 1⁷41
2753 323 2776 337 .

508 453 973 523 Sanctissimus
1036 455 1363 522 Dominus
1432 451 1679 521 Noster
1719 453 1806 522 N.
1851 453 2006 520 Div.
2053 451 2251 518 ProV.
2264 447 2426 515 -PR
2458 501 2472 515 .
2503 502 2517 517 .
2567 451 2772 517 refe-

346 563 535 624 rente
574 577 681 622 me
724 555 1143 643 infrascripto
1186 555 1331 624 sae.
1382 553 1938 644 congregationis
1982 554 2064 620 de
2105 549 2538 640 Propaganda
2578 549 2782 616 Fide

348 654 719 724 secretario
760 655 841 722 R.
872 655 949 720 P.
974 653 1062 722 D.
1088 653 1174 722 N.
1194 655 1281 722 N.
1327 655 1554 721 Electo
1599 654 1930 743 Episcopo
1969 652 2057 720 N.
2103 649 2502 740 supradictas
2543 651 2782 714 facul-

347 763 521 822 tates
564 755 650 822 ad
692 755 1177 846 beneplacitum
1216 753 1463 822 Sacrae
1505 754 2062 842 congregationis
2107 754 2398 842 benigne
2439 749 2782 816 concessit

348 877 473 944 pm
524 853 685 922 locis
726 863 983 920 tantum
1028 855 1241 921 dictae
1282 855 1626 922 Dioecesis
1667 855 1982 920 Dominio
2027 851 2386 922 Austriseo
2432 857 2784 944 subjectIS,

350 963 419 1020 et
482 954 835 1021 dummodo
877 961 1102 1020 tamen
1144 955 1227 1021 iis
1270 955 1453 1022 nullo
1501 955 1698 1022 modo
1737 965 1960 1020 utatur
2004 965 2196 1020 extra
2233 955 2402 1022 fines
2445 976 2780 1023 memora-

353 1064 463 1122 tae
502 1053 865 1122 Dioecesis.

518 1155 769 1224 Datum
806 1155 1055 1221 Romae
1096 1175 1184 1219 ex
1228 1153 1526 1220 Aedibus
1569 1153 1782 1220 dictae
1823 1153 2006 1222 Sacr.
2052 1153 2604 1246 congregationis
2649 1159 2780 1224 die

356 1266 425 1322 et
466 1277 639 1324 anno
676 1253 911 1340 quibus
951 1275 1170 1340 supra.
1256 1253 1484 1321 Gratis
1523 1251 1668 1320 sine
1705 1254 1846 1318 ulla
1891 1255 2156 1321 omnino
2203 1257 2526 1325 solutione

1192 1375 1580 1440 quocunque
1621 1353 1832 1420 titulo.

1338 1453 1443 1539 (L.
1487 1453 1590 1539 s.)
1869 1454 1954 1520 N.
1995 1453 2080 1521 N.
2125 1453 2563 1526 Secretafius.

1210 1918 1295 2008 G)
1346 1919 1498 1996 Res
1549 1920 1932 1994 iudiciaria.

364 2240 717 2312 LXXXII.
791 2237 1253 2307 Benedicti
1294 2237 1484 2306 XIV.
1525 2236 2030 2306 constitutio
2075 2237 2214 2304 die
2255 2239 2362 2304 26.
2401 2239 2780 2329 Augusti

522 2342 685 2410 1741
730 2340 929 2408 data
970 2339 1075 2406 de
1116 2339 1555 2406 electione
1603 2338 1982 2406 iudicum
2021 2339 2604 2424 synodalium.

360 2489 863 2558 venerabilibus
902 2488 1261 2574 Fratribus,
1303 2489 1718 2574 Patriarchis,
1761 2487 2152 2556 Primatibus
2169 2541 2188 2574 ,
2230 2489 2771 2580 Archiepiscopis

902 2598 967 2655 et
1006 2587 1349 2680 Episcopis
1388 2587 1787 2658 Benedictus
1837 2587 2017 2680 Papa
2057 2587 2245 2655 XIV.

442 2740 875 2810 Venerabile-s
913 2738 1199 2824 Fratres,
1240 2739 1520 2804 salutem
1561 2747 1630 2804 et
1670 2737 2092 2826 apostolieum
2139 2738 2680 2805 benedictionali.

530 2856 847 2939 Quamvis
886 2853 1205 2920 Paternae
1240 2853 1620 2940 vigilantiae
1634 2905 1655 2937 ,
1699 2873 1827 2939 qua
1867 2853 1952 2919 de
1984 2853 2232 2939 justitia
2275 2853 2627 2942 unicuique
2653 2853 2769 2919 in-

360 2965 573 3042 tegre,
617 2954 1071 3043 sapienterque
1110 2953 1622 3019 administmnda
1667 2953 1927 3020 solliciti
1969 2973 2114 3019 esse
2149 2954 2485 3039 debemus,
2519 2953 2770 3040 jamdiu

365 3055 754 3138 innotuerit,
810 3052 988 3142 quod
1030 3051 1279 3119 Causae
1324 3063 1512 3120 extra
1551 3063 1846 3119 nostram
1881 3055 2238 3121 Romanam
2279 3054 2580 3139 Curiam,
2643 3076 2766 3142 pro

363 3153 791 3243 Litigantium
830 3151 1195 3239 commodo,
1234 3154 1323 3220 ad
1362 3163 1582 3242 partes
1627 3155 1728 3240 (ut
1769 3153 1974 3241 ajunt)
2021 3155 2334 3220 committi
2377 3155 2606 3220 solitae
2623 3204 2642 3239 ,
2685 3153 2768 3218 iis

371 3254 763 3342 quandoque
814 3253 1254 3338 decidendae,
1294 3277 1369 3320 ac
1408 3255 1550 3320 sine
1603 3255 1822 3321 debito
1867 3253 2312 3321 terminandae
2357 3253 2774 3349 delegentur,

368 3355 481 3444 qui
518 3363 659 3422 tum
706 3375 993 3442 congrua
1014 3354 1197 3422 Juris
1241 3353 1496 3442 peritia,
1539 3363 1676 3420 tum
1719 3374 1976 3443 quoque
2018 3355 2375 3444 probitatis,
2421 3361 2776 3444 spectatae-

376 3475 505 3542 que
549 3453 743 3524 Fidei
786 3453 1115 3543 praesidio
1158 3455 1636 3520 destituuntur:
1681 3455 2027 3522 Acerbiori
2067 3455 2488 3522 nihilominus
2531 3456 2780 3522 doloris

366 3577 565 3624 sensu
601 3555 885 3646 perculsi
930 3555 1188 3639 fuimus,
1232 3566 1578 3644 postquam
1619 3555 1992 3643 hujusmodi
2033 3558 2325 3642 abusum,
2362 3576 2628 3622 rumore
2653 3578 2774 3644 pu-

367 3657 539 3724 blico
586 3659 980 3746 evulgatum,
1023 3657 1375 3722 multorum
1418 3657 1704 3743 querelis
1747 3657 1831 3722 ad
1877 3657 2327 3746 Apostolicam
2362 3655 2614 3724 Sedem
2659 3656 2774 3722 de·

370 3758 550 3843 latis,
624 3777 977 3844 eorumque
1036 3757 1243 3824 literis
1304 3757 1387 3823 ad
1426 3757 1570 3824 Nos
1631 3759 1860 3823 crebro
1913 3755 2076 3824 datis
2121 3750 2408 3847 apertius
2453 3757 2778 3824 sensimus

372 3858 761 3926 confirmari.
827 3859 1134 3926 Rationes
1180 3869 1525 3950 praeterea
1540 3910 1560 3944 ,
1611 3867 1677 3924 et
1717 3857 2076 3948 peculiares
2120 3857 2370 3926 Causae
2414 3857 2572 3924 dicti
2618 3859 2774 3924 abu-

376 3985 485 4028 sus
530 3982 676 4027 cum
714 3957 923 4027 Nobis
964 3963 1188 4050 plures
1224 3961 1293 4026 in
1339 3961 1588 4026 eisdem
1629 3960 1838 4026 literis
1902 3953 2414 4027 obtenderentur
2429 4011 2449 4044 ,
2506 3979 2622 4024 eas
2659 3971 2782 4046 po·

372 4062 693 4128 tissimum
730 4059 967 4128 referri
1010 4061 1469 4150 perspeximus
1511 4060 1750 4126 eximio
1799 4059 2406 4127 Protonotariorum
2446 4079 2580 4125 non
2623 4057 2784 4124 Par-

370 4161 772 4250 tioipantium
818 4183 1093 4228 numero
1115 4213 1135 4249 ,
1204 4163 1435 4250 quibus
1457 4213 1479 4246 ,
1543 4171 1771 4251 utpote
1834 4161 1904 4226 in
1943 4156 2288 4250 Dignitate
2329 4157 2790 4226 Ecclesiastica

374 4261 767 4346 constitutis,
832 4262 901 4328 in
940 4283 1123 4328 more
1190 4262 1476 4352 positum
1533 4271 1636 4326 est
1687 4261 1888 4327 dictas
1935 4260 2175 4328 Causas
2221 4259 2516 4347 delegari
2540 4311 2560 4345 ,
2629 4258 2791 4324 lieet

370 4369 671 4451 tempore
714 4383 841 4450 quo
886 4363 973 4428 ad
1015 4362 1390 4450 huJusmodi
1427 4361 1808 4448 Dignitatis,
1853 4370 1920 4428 et
1959 4360 2183 4436 Officii
2225 4359 2502 4448 gradum
2545 4381 2786 4448 prove·

368 4459 617 4524 huntur
636 4507 658 4542 ,
695 4459 877 4524 nulla
918 4463 1301 4527 meritorum
1314 4509 1337 4545 ,
1398 4471 1465 4526 et
1507 4461 1891 4546 qualitatum
1935 4461 2049 4526 fiat
2089 4459 2374 4548 diligens
2419 4458 2784 4548 inquisitio,
