2959 4984
338 285 632 337 hxxxm.
710 281 1195 337 OONS'HTU'PIO
1229 285 1329 334 DE
1371 283 2042 335 APPELLATIONIBUS
2084 285 2147 334 A.
2185 281 2342 336 1742.
2437 283 2542 338 529

123 453 399 536 tentiae,
445 473 559 517 seu
590 449 881 532 Decreti,
928 449 1000 513 in
1026 449 1217 515 Actis
1248 449 1614 538 producere
1644 445 1976 533 teneatur,
2019 449 2286 534 ejusque
2317 451 2550 536 tenori,

124 556 197 618 in
226 551 443 616 literis
471 549 1026 616 Inhibitorialibus
1066 550 1313 615 inserto
1348 548 1716 635 adjicienda
1749 548 1892 631 erit,
1921 557 2118 636 prout
2145 549 2339 636 adjici
2365 549 2546 616 volu-

130 651 319 736 m'uS,
388 661 454 716 et
497 650 899 732 mandamus,
949 649 1018 713 in
1064 671 1286 714 earum
1332 670 1604 737 corpore
1647 671 1960 736 expressa
2005 647 2328 713 conditio:
2381 647 2548 727 Qua-

140 769 333 818 tenus
378 766 589 816 tame-n
637 764 823 814 tenor
859 752 1138 814 insertus
1182 774 1348 830 vere,
1402 761 1462 813 et
1515 752 1585 813 in
1629 748 2160 813 substantialibus
2216 771 2354 812 cum
2403 747 2549 814 Ori-

130 853 361 940 qinali
396 849 787 930 concordet,
854 851 1201 939 eodemque
1250 848 1590 938 Oriyinali
1619 863 2002 936 praesentes
2049 851 2279 914 literae
2321 854 2454 916 sint
2485 856 2555 918 in

138 968 435 1039 tempore
475 954 907 1037 posteriores,
971 952 1265 1040 alioquin
1306 952 1528 1014 nullae
1547 1000 1565 1031 ,
1621 964 1680 1014 et
1721 953 1955 1016 irritae
1997 965 2424 1016 censeantur-t
2465 951 2552 1018 Et

130 1056 189 1120 si
238 1066 427 1118 secus
472 1053 719 1117 factum
762 1051 959 1116 fuerit
985 1097 1005 1130 ,
1058 1051 1477 1116 inhibitiones
1542 1051 1730 1116 aliter
1778 1073 2126 1118 concessae
2177 1051 2548 1118 nullatenus

130 1154 446 1237 afficiant,
490 1162 555 1217 et
586 1151 863 1236 Notarii,
906 1152 1043 1216 sive
1093 1151 1391 1216 Actuarii
1410 1204 1429 1236 ,
1497 1151 1603 1237 qui
1648 1151 1792 1218 illas
1841 1152 2300 1242 expediverint
2321 1203 2340 1237 ,
2389 1151 2546 1217 inci-

134 1255 295 1320 dant
328 1255 399 1318 in
446 1273 691 1342 poenas
735 1251 1033 1340 superius
1078 1273 1441 1340 expressas
2257 1332 2265 1338 Ι

306 1355 365 1434 §-
410 1353 513 1418 45.
584 1353 754 1418 Cum
792 1373 949 1417 vero
996 1377 1033 1417 a
1076 1350 1473 1439 gravamine,
1521 1353 1702 1437 quod
1743 1375 1865 1440 per
1911 1353 2315 1418 definitivam
2358 1372 2586 1440 repa-·

130 1455 265 1521 rari
304 1454 552 1538 nequit,
595 1453 995 1539 appellatum
1034 1452 1248 1536 fuerit,
1296 1453 1348 1516 si
1392 1452 1656 1537 quidem
1697 1475 1802 1518 res
1846 1455 1929 1518 sit
1969 1454 2051 1519 de
2099 1454 2537 1520 carceratione

122 1558 265 1643 jam
311 1563 586 1640 sequuta
630 1575 781 1617 cum
824 1551 1131 1617 Mandato
1178 1553 1444 1638 verbali,
1489 1577 1622 1619 non
1661 1555 1848 1620 aliter
1895 1554 2190 1642 expediri
2231 1563 2542 1642 poterunt

129 1655 569 1721 Inhibitiones
626 1653 857 1740 vigore
900 1653 1417 1740 AppellationiS,
1482 1675 1676 1740 quam
1722 1656 1996 1720 constito
2047 1656 2226 1742 prius
2276 1655 2359 1720 de
2400 1654 2540 1742 ipsa

134 1755 579 1820 carceratione
612 1775 735 1840 per
778 1753 1253 1842 depositionem
1296 1755 1525 1820 saltem
1571 1755 1846 1821 duorum
1889 1755 2201 1822 Testium.
2272 1755 2542 1820 Interim

135 1865 363 1920 tamen
400 1854 769 1940 Appellans
812 1855 881 1919 in
927 1854 1160 1918 eodem
1186 1903 1204 1934 ,
1254 1877 1379 1940 quo
1424 1857 1771 1942 reperitur,
1816 1879 2078 1922 carcere
2120 1857 2546 1944 permanebit,

142 1955 357 2020 donec
400 1955 591 2019 aliter
634 1976 757 2019 sera
808 1975 930 2019 ser.
966 1955 1331 2039 judicatum
1376 1955 1591 2021 fuerit.
1634 1955 1769 2024 Ubi
1810 1979 1968 2022 vero
2001 1967 2235 2044 agatur
2273 1959 2354 2022 de
2403 1979 2546 2024 cen-

135 2057 309 2121 suris
340 2057 485 2139 ·jam
529 2054 819 2142 prolatiS,
859 2055 969 2118 vel
1014 2055 1095 2119 de
1147 2056 1642 2121 comminatione
1673 2057 2172 2141 CarcerationiS,
2211 2057 2554 2142 Torturae,

136 2166 253 2222 aut
296 2154 775 2238 Censurarum,
824 2157 1206 2220 observetur
1246 2157 1507 2221 omnino
1556 2157 1892 2243 dispositio
1939 2159 2256 2225 dictorum
2309 2161 2554 2226 Decre-

136 2267 356 2324 torum
378 2254 935 2342 Congregationis
949 2253 1425 2342 Episcoporum
1459 2259 1577 2322 sub
1602 2279 1732 2322 rec.
1773 2281 1963 2324 mem.
1984 2259 2322 2326 Clemente
2337 2259 2547 2343 vm„

133 2359 329 2444 juxta
371 2355 751 2439 additioneS,
794 2365 861 2420 et
902 2356 1370 2421 declarationes
1422 2357 1566 2443 piae
1612 2381 1734 2423 me.
1781 2359 2124 2424 Benedicti
2166 2359 2357 2426 XIII.

308 2459 369 2538 §-
412 2457 515 2523 46.
574 2453 868 2523 Ulterius
910 2457 980 2520 in
1024 2456 1375 2542 praedictis
1400 2456 1630 2524 Causis
1674 2459 1742 2523 in
1784 2459 1996 2546 prima
2037 2459 2348 2524 Instantia
2389 2480 2546 2546 pen·

144 2557 487 2643 dentibus,
534 2558 642 2622 vel
686 2557 825 2624 aliis
872 2557 1168 2644 superius
1216 2557 1579 2646 expressis,
1623 2559 1692 2625 in
1741 2561 1972 2646 quibus
2015 2584 2149 2626 non
2191 2558 2554 2624 admittitur

144 2658 499 2746 appellatio
540 2658 609 2722 in
652 2658 1051 2745 suspensiv0,
1094 2657 1469 2742 CitationeS,
1519 2682 1681 2745 quae
1731 2659 2030 2748 expediri
2071 2660 2283 2726 solent
2327 2681 2544 2724 coram

150 2757 485 2826 Cardinali
529 2755 921 2844 Signaturae
976 2757 1282 2825 «Iustitiae
1322 2759 1702 2845 Praefecto,
1759 2761 1868 2824 vel
1929 2759 2237 2825 effectum
2297 2781 2550 2846 compa-

144 2857 374 2941 rendi,
432 2857 541 2922 vel
598 2877 717 2942 pro
764 2857 1063 2924 adeundo
1104 2860 1398 2924 eamdem
1442 2858 1898 2946 Signaturam,
1972 2860 2228 2925 tametsi
2280 2862 2360 2925 ab
2409 2862 2547 2945 ejus

145 2958 474 3026 Auditore
520 2957 934 3044 subscriptaS,
979 2957 1111 3022 vim
1152 2959 1490 3024 inhibendi
1522 2961 1890 3024 nullatenus
1939 2959 2156 3026 sortiri
2201 2980 2393 3048 posse
2437 2983 2546 3026 vo·

142 3064 385 3146 lumuS,
428 3083 663 3148 easque
706 3061 787 3126 ad
834 3061 1197 3148 praedictos
1244 3061 1405 3126 alios
1438 3061 1770 3126 dumtaxat
1806 3061 2095 3143 effectuS,
2133 3061 2549 3148 comparendi

143 3162 417 3247 scilicet,
462 3162 570 3226 vel
614 3161 895 3226 adeundi
939 3160 1392 3248 Signaturam,
1445 3161 1786 3247 expeditas
1831 3161 2116 3241 censeri,
2162 3183 2294 3225 non
2339 3170 2552 3226 autem

138 3263 229 3329 ad
282 3261 742 3328 retardandam
783 3260 1307 3347 exequutionem,
1348 3261 1453 3325 vel
1502 3259 2031 3349 suspendendum
2069 3282 2449 3351 processum
2474 3259 2556 3325 ad

138 3360 479 3428 ulteriora.

320 3463 379 3543 ἓ.
429 3462 531 3526 47.
616 3463 920 3548 Denique
968 3462 1184 3548 quoad
1230 3461 1473 3528 Causas
1517 3459 1990 3548 privilegiatas,
2036 3479 2221 3542 quae,
2262 3467 2338 3522 ut
2373 3480 2555 3545 prae-

144 3565 400 3644 fertur,
440 3562 510 3626 in
550 3562 758 3649 prima
804 3563 999 3627 etiam
1041 3563 1357 3628 Instantia
1397 3561 1570 3648 apud
1606 3559 1780 3643 Nos,
1825 3567 1892 3624 et
1932 3557 2178 3624 Sedem
2219 3557 2554 3645 Apostoli-

141 3685 297 3729 cam
338 3662 598 3727 tractari
642 3670 931 3749 possunt,
977 3663 1141 3727 nihil
1189 3684 1274 3726 ex
1316 3662 1576 3748 antiquo
1622 3659 2000 3724 mutandum
2045 3679 2190 3723 esse
2229 3659 2554 3744 volumus,

143 3762 273 3830 sed
304 3760 654 3826 Monitoria
694 3764 761 3828 in
802 3763 934 3828 illis
984 3785 1201 3828 coram
1226 3761 1540 3829 Gamerae
1587 3768 1845 3825 nostrae
1887 3757 2178 3846 generali
2212 3757 2556 3844 Auditore,

138 3863 259 3929 vel
304 3863 444 3947 ejus
478 3862 1092 3928 Locumtenentibus
1110 3912 1129 3946 ,
1208 3871 1404 3950 prout
1443 3862 1756 3926 hactenus
1803 3858 2216 3924 laudabiliter
2261 3860 2558 3924 observa-

144 3973 293 4026 tum
356 3970 474 4043 est,
535 3961 945 4048 expedienda
988 3984 1131 4027 esse
1146 4012 1165 4046 ,
1231 3965 1419 4049 juxta
1489 3961 1962 4049 praescriptum
2026 3957 2560 4046 Apostolicarum

148 4061 741 4146 Constitutionum,
788 4071 853 4126 et
892 4062 1275 4149 praesertim
1322 4063 1431 4126 fel.
1476 4083 1609 4126 rec.
1656 4059 1843 4125 Pauli
1891 4059 1974 4124 V.
2019 4058 2552 4125 Praedecessoris

146 4161 383 4230 Nostri
431 4161 499 4226 in
540 4161 1042 4247 Constitutione,
1084 4185 1247 4247 quae
1289 4161 1560 4248 incipit:
1605 4159 1917 4227 Universi
1941 4211 1960 4245 ,
2001 4181 2256 4224 necnon
2303 4157 2558 4246 praedi-

146 4275 403 4331 ctarum
434 4261 876 4346 additionum,
934 4273 1000 4328 et
1044 4263 1549 4328 declarationum
1594 4261 1936 4327 Benedicti
1976 4259 2203 4344 XHI.,
2265 4259 2558 4346 exceptis

144 4375 373 4432 tamen
412 4361 774 4429 Monitoriis
819 4363 1189 4429 intimandis
1230 4363 1405 4428 ultra
1424 4362 1704 4446 Montes,
1745 4359 1815 4425 in
1859 4360 2089 4446 quibus
2135 4360 2217 4424 ad
2257 4360 2558 4426 evitanda

148 4461 479 4545 scandala,
524 4470 591 4527 et
628 4461 1021 4550 litigantium
1061 4462 1473 4529 incommoda
1493 4511 1512 4545 ,
1571 4463 1872 4527 volumus
1935 4461 2198 4527 omnino
2238 4461 2560 4546 renovari,

213 4566 393 4612 Walter
423 4565 598 4610 Fontes
632 4567 752 4609 (urie
787 4567 1116 4611 ecelesiastici.
1671 4601 1676 4606 .
2093 4563 2164 4618 34
