2959 4984
494 257 710 310 Lxxx.
782 259 1255 314 FAOULTATES
1295 261 1437 314 PRO
1474 261 1670 314 Fosso
1705 261 2248 316 CONSGOENTIAE.
2483 259 2592 316 509

166 421 595 488 Poenitentia
660 421 945 486 sahltari.
1027 418 1117 488 Et
1156 423 1425 511 insuper
1466 424 1848 490 absolvendi
1892 423 2206 490 Mulieres
2251 432 2501 490 tantum
2543 447 2582 487 a

176 521 503 588 Censuris
549 531 616 586 et
650 521 879 610 poenis
908 519 1399 604 Ecclesiasticis,
1444 524 1528 589 ob
1559 525 1974 589 violationem
2005 523 2088 589 ad
2117 523 2364 588 malum
2393 521 2591 586 finem

178 621 549 688 Clausurae
572 621 887 688 Virorum
910 621 1397 706 Religiosorum
1428 624 1721 706 incursis,
1752 624 2104 689 dummodo
2139 633 2356 688 tamen
2387 621 2591 688 Casus

180 722 431 786 occulti
460 730 879 802 2remaneant3
940 721 1229 807 injuncta
1266 721 1453 807 gravi
1494 723 1906 788 Poenitentia
1950 724 2212 788 salutari
2257 745 2404 788 cum
2441 743 2592 810 pro-

176 821 507 888 hibitione
546 820 899 886 accedendi
936 821 1019 885 ad
1060 820 1419 888 Ecclesiam
1464 832 1532 886 et
1566 821 1993 905 Conventum,
2035 844 2152 888 seu
2185 819 2590 887 Ooenobium

186 922 522 986 dictorum
563 920 1069 1006 Religiosorum,
1112 922 1385 987 durante
1428 923 1768 987 occasione
1808 922 2140 1010 peccandi.

359 1021 447 1086 V.
530 1020 941 1086 Absolvendi
996 1044 1035 1086 a
1084 1020 1395 1087 Censuris
1454 1031 1682 1088 contra
1719 1022 2110 1087 Duellantes
2164 1019 2458 1102 inflictis,
2523 1021 2595 1084 in

186 1121 474 1188 Casibus
530 1121 863 1187 dumtaxat
916 1121 1005 1186 ad
1044 1121 1287 1186 Forum
1346 1131 1692 1187 externum
1735 1143 1867 1186 non
1912 1121 2243 1186 deductis:
2306 1121 2594 1206 injuncta

177 1220 379 1308 gravi
420 1220 831 1287 Poenitentia
870 1221 1154 1305 salutari,
1202 1231 1268 1286 et
1307 1222 1453 1288 aliis
1494 1222 1821 1306 injunctis,
1867 1243 2031 1306 quae
2073 1221 2316 1286 fuerint
2337 1220 2592 1304 dejure

182 1319 619 1406 injungenda.

361 1419 483 1484 VI.
568 1420 977 1486 Absolvendi
1037 1446 1075 1486 a
1119 1444 1269 1487 casu
1312 1419 1476 1488 Sedi
1521 1422 1944 1510 Apostolicae
1986 1430 2318 1488 reserva-to
2363 1421 2444 1486 ob
2486 1443 2589 1484 ac-

184 1529 385 1610 cepta
438 1542 709 1586 munera
766 1543 805 1584 a
844 1521 1283 1608 Regularibus
1344 1521 1684 1606 utriusque
1732 1545 1966 1604 sexus3
2031 1521 2316 1607 injuncta
2359 1519 2593 1585 Poeni-

194 1620 402 1703 tenti,
466 1621 721 1706 quando
765 1620 981 1705 agitur
1024 1620 1110 1686 ‹le-
1152 1621 1528 1686 muneribus
1568 1622 1740 1686 infra
1779 1623 2073 1687 valorem
2115 1622 2345 1686 decem
2385 1627 2591 1684 scuto-

192 1743 351 1786 rum
366 1771 390 1806 ,
450 1721 667 1805 aliqua
728 1721 1107 1807 elemosyna
1148 1721 1572 1786 Absolventis
1618 1721 1866 1806 judicio
1911 1720 2228 1804 taxanda,
2293 1728 2360 1783 et
2409 1728 2595 1784 caute

188 1819 555 1908 eroganda,
600 1842 745 1886 cum
787 1821 1073 1908 primum
1105 1821 1367 1908 poterit,
1409 1821 1479 1886 in
1521 1819 1912 1886 beneficium
1939 1819 2324 1906 Religionis,
2369 1818 2472 1884 cui
2511 1821 2602 1884 fa-

186 1921 433 1988 cienda
472 1930 649 1986 esset
686 1921 1047 2004 restim-tim
1110 1921 1461 1986 dummodo
1505 1931 1728 1986 tamen
1769 1943 1905 1986 non
1951 1929 2226 2006 constet,
2272 1919 2448 2005 quod
2487 1919 2601 1983 illa

184 2021 443 2086 fuerint
486 2020 566 2086 de
592 2021 797 2086 Bonis
840 2022 1125 2109 propriis
1153 2018 1556 2107 Religionis3
1606 2031 1924 2106 quatenus
1961 2043 2120 2087 vero
2163 2030 2432 2108 accepta
2459 2040 2599 2084 mu-

186 2144 359 2188 nera
383 2121 492 2186 vel
526 2121 769 2186 fuerint
800 2122 973 2188 ultra
1003 2122 1291 2186 valorem
1323 2125 1655 2188 scutorum
1685 2123 1937 2206 decem,
1978 2123 2088 2188 vel
2116 2130 2367 2186 constet
2396 2119 2598 2184 fuisse

188 2223 279 2288 de
323 2221 529 2288 Bonis
568 2220 854 2310 propriis⁴
882 2221 1264 2308 Religionis,
1292 2223 1462 2288 facta
1503 2223 1684 2310 prius
1711 2223 2138 2303 restitutione,
2183 2243 2379 2306 quam
2421 2220 2476 2284 si
2519 2219 2602 2283 de

186 2322 526 2414 praesenti
580 2320 943 2408 adimplere
974 2330 1300 2406 nequeat,
1364 2323 1672 2410 praestita
1726 2325 1795 2388 in
1833 2322 2130 2388 manibus
2175 2319 2599 2386 Abs-olventis

192 2423 603 2510 obligatione
662 2421 1051 2487 restituendi
1106 2422 1274 2486 intra
1314 2422 1667 2488 terminum
1711 2425 1854 2509 ejus
1899 2421 2166 2488 arbitrio
2208 2419 2598 2508 praefinien-

195 2526 380 2609 dum,
420 2522 599 2589 alias.
623 2523 743 2586 sub
782 2520 1227 2588 reincidenti&

362 2623 519 2690 VII.
603 2619 1017 2687 Absolvendi
1052 2621 1423 2706 Religiosos
1458 2622 1905 2707 cujuscunque
1933 2619 2179 2685 ordinis
2204 2617 2431 2704 (etiam
2457 2616 2598 2682 Mo-

192 2723 402 2789 niales
419 2771 441 2807 ,
500 2742 621 2810 per
666 2717 1115 2789 confessarios
1160 2729 1379 2786 tamen
1434 2743 1554 2807 pro
1618 2721 1776 2808 ipsis
1837 2743 1875 2784 a
1915 2721 2124 2784 Vobis
2185 2719 2596 2807 approbatOS,

192 2823 309 2888 vel
350 2820 723 2910 specialiter
766 2819 1201 2906 deputandos)
1250 2841 1381 2884 non
1424 2821 1638 2884 solum
1679 2839 1717 2883 a
1760 2820 2170 2908 praemissis,
2243 2819 2360 2885 sed
2409 2819 2600 2885 etiam

196 2947 237 2988 a
282 2919 561 2988 Casibus
605 2928 670 2984 et
716 2917 1027 2984 Censuris
1071 2917 1141 2982 in
1184 2941 1299 2984 sua
1337 2919 1686 3004 Religionc
1729 2920 2098 2986 reservatis

370 3019 561 3084 VHI.
646 3017 1093 3104 Dispensandi
1148 3017 1233 3082 ad
1276 3017 1634 3105 petendum
1675 3019 1990 3086 Debitum
2039 3018 2406 3105 Oonjugale
2455 3039 2604 3084 cum

197 3120 719 3204 Transgressore
756 3117 918 3182 Voti
964 3114 1309 3199 castitatis,
1356 3117 1469 3204 qui
1511 3117 1995 3190 Matrimonium
2040 3141 2191 3183 cum
2233 3119 2404 3184 dicto
2427 3119 2601 3184 Veto

194 3217 637 3299 contraxerit,
700 3217 1073 3302 hujusmodi
1130 3216 1571 3304 poenitentem
1617 3219 1984 3300 monendo,
2045 3221 2260 3306 ipsum
2301 3217 2384 3282 ad
2429 3217 2606 3282 idem

194 3320 450 3385 Votum
507 3316 901 3382 servandum
942 3315 1153 3385 teneri
1166 3365 1185 3398 ,
1254 3325 1387 3382 tam
1432 3327 1622 3382 extra
1663 3318 1912 3382 licitum
1953 3317 2350 3383 Matrimonii
2395 3335 2604 3400 usum,

198 3441 401 3508 quam
447 3417 501 3482 si
544 3415 788 3482 Marito
830 3438 947 3482 seu
988 3415 1205 3482 Uxori
1242 3417 1612 3505 respective
1655 3417 2110 3505 supervixerit.

369 3517 490 3582 IX.
574 3516 1017 3604 Dispensandi
1046 3539 1197 3582 cum
1222 3515 1624 3601 Incestuoso,
1663 3517 1803 3582 sive
1829 3517 2226 3600 Incestuosa,
2268 3514 2352 3578 ad
2377 3482 2603 3602 peten-

200 3619 367 3682 dum
408 3616 699 3682 debitum
744 3613 1122 3701 conjugale,
1186 3617 1375 3698 cujus
1411 3617 1520 3700 jus
1562 3615 1776 3680 amisit
1819 3636 1906 3680 ex
1949 3615 2452 3702 superveniente
2495 3633 2602 3678 oc-

196 3717 383 3784 culta
438 3716 752 3782 affinitate
794 3739 915 3805 per
964 3718 1263 3804 copulam
1292 3718 1638 3782 carnalem
1678 3716 1961 3781 habitam
2003 3737 2151 3780 cum
2195 3713 2601 3798 Consangui-

196 3837 349 3899 nea,
388 3816 500 3880 vel
528 3813 1052 3903 ConsanguiueO,
1095 3816 1239 3880 sive
1278 3817 1351 3880 in
1386 3817 1622 3903 primo,
1665 3817 1804 3882 sive
1845 3817 1918 3880 in
1957 3815 2172 3903 primo
2202 3823 2269 3878 et
2293 3813 2603 3896 secundo,

196 3919 343 3984 sive
386 3925 473 3981 et·
496 3915 781 3982 secundo
823 3915 1039 4001 gradu
1082 3937 1237 3980 suae
1279 3914 1565 4000 Uxoris,
1637 3937 1754 3982 seu
1795 3917 2162 4006 respective
2205 3911 2464 3996 Mariti;
2507 3933 2605 3978 re-

201 4025 383 4082 mota
446 4015 781 4080 occasione
844 4015 1163 4103 peccandi
1210 4025 1278 4080 et
1310 4017 1606 4101 injuncta
1653 4017 1842 4103 gravi
1881 4015 2280 4106 poenitentia
2322 4013 2608 4097 salutari,

200 4125 277 4182 et
301 4115 735 4182 confessione
766 4113 1237 4182 sacramentali
1266 4117 1568 4204 quolibet
1605 4137 1850 4201 mense,
1892 4139 2012 4208 per
2050 4125 2306 4205 tempus
2339 4113 2607 4180 arbitrio

200 4215 665 4305 Dispensantis
705 4214 1137 4281 statuendum.

356 4313 445 4382 Χ.
524 4315 975 4404 Dispensandi
1004 4335 1203 4403 super
1230 4316 1490 4383 occulto
1520 4311 1998 4406 Impedimento
2053 4313 2280 4402 Primi,
2319 4337 2448 4381 nec
2473 4336 2605 4380 non

200 4414 407 4482 Primi
470 4425 537 4480 et
580 4413 895 4499 Secundi,
940 4439 1013 4482 ac
1056 4413 1349 4483 Secundi
1396 4425 1641 4482 tantum
1692 4417 1934 4502 gradus
1983 4417 2312 4484 affinitatis
2356 4437 2443 4482 ex
2481 4415 2608 4480 illi-
