2959 4984
761 302 1005 355 Lxxxx.
1081 268 1425 357 nunonis
1463 302 2036 357 OANGELLARIAE.
2492 306 2603 367 489

187 470 333 537 illi's
391 476 777 535 attentatum
819 468 1040 531 forsan
1083 474 1225 532 erat
1264 474 1420 531 tunc
1440 516 1460 551 ,
1523 464 1633 531 vel
1688 465 1759 531 in
1816 474 2155 555 posterum
2196 470 2613 558 contingeret

187 570 525 637 attentari.

369 672 430 751 ξ.
479 668 575 735 12.
681 667 850 733 Item
894 664 1270 755 praedictus
1312 666 1409 733 Ι).
1445 667 1529 735 Ν.
1574 690 1798 733 omnes
1823 716 1845 751 ‚
1918 678 1987 734 et
2026 668 2323 755 singulas
2376 696 2415 737 a
2462 670 2611 739 Cle·

185 758 418 837 mente
469 768 646 835 XIII
701 790 971 833 romano
1013 766 1336 833 Pontifice
1392 768 1905 856 praedecessore
1964 792 2082 835 suo
2138 770 2312 837 infra
2372 794 2610 839 annum

195 881 356 937 ante
419 870 595 937 diem
639 869 780 954 ejus
843 868 1056 934 obitus
1117 890 1454 933 concessas
1514 869 1761 954 gratiae
1792 918 1813 952 ,
1888 870 2000 935 vel
2044 870 2334 957 justitiae
2389 872 2611 939 literas

183 971 598 1060 temporibus
646 969 884 1035 debitis
931 990 1150 1033 earum
1193 969 1673 1052 executoribus»,
1714 990 1831 1035 seu
1869 970 2201 1055 judicibus
2244 994 2377 1037 non
2420 994 2607 1062 prae-

188 1080 481 1138 sentatas
527 1070 790 1137 omnino
835 1068 1220 1137 revalidavit
1233 1121 1253 1153 ,
1311 1078 1380 1135 et
1416 1068 1487 1133 in
1526 1078 1761 1135 statum
1803 1068 2148 1158 pristinum
2169 1119 2190 1154 ,
2232 1070 2301 1136 in
2344 1093 2471 1157 quo
2512 1072 2607 1138 vi-

187 1171 443 1235 delieet-
479 1158 666 1236 antea
709 1170 988 1251 fuerant,
1031 1169 1141 1234 vel
1181 1190 1302 1257 pro
1347 1170 1581 1255 quibus
1620 1179 1805 1235 erant
1849 1171 2172 1254 obtentae,
2216 1171 2431 1256 quoad
2474 1172 2603 1237 hoc

193 1270 502 1359 plenarie
541 1270 840 1352 restituit,
887 1292 962 1333 ac
1011 1268 1305 1334 decrevit
1345 1289 1468 1358 per
1514 1278 1919 1353 executores,
1966 1292 2080 1335 seu
2117 1270 2377 1356 judices
2419 1292 2604 1359 prae-

189 1371 431 1453 dictos,
476 1370 585 1435 vel
625 1372 710 1435 ab
753 1368 848 1435 eis
891 1358 1418 1455 subdelegandos
1461 1370 1543 1435 ad
1572 1368 2063 1457 expeditionem
2094 1371 2508 1458 neg-otiorum
2536 1371 2606 1437 in

189 1472 294 1536 eis
341 1480 794 1535 contentorum
833 1468 1105 1558 procedi
1146 1489 1360 1558 posse,
1407 1479 1477 1535 et
1519 1469 1759 1535 debere
1793 1470 1987 1555 juxta
2024 1470 2285 1535 illarum
2308 1471 2603 1537 formam.

363 1574 425 1654 ξ.
476 1572 576 1636 13.
655 1570 828 1637 Item
869 1568 1358 1635 rationabilibus
1417 1569 1839 1636 suadentibus
1894 1570 2137 1655 causis,
2206 1571 2349 1659 ipse
2388 1570 2475 1637 D.
2519 1570 2605 1637 N.

189 1694 430 1739 omnes
471 1671 768 1753 uniones,
811 1668 1210 1735 annexiones
1227 1718 1248 1753 ,
1289 1670 1847 1759 incorporationes
1864 1717 1885 1753 ,
1923 1671 2440 1760 suppressiones,
2490 1692 2603 1736 ex-

188 1772 550 1841 tinctiones
571 1823 590 1858 ,
656 1771 1122 1860 applicationes
1137 1820 1159 1855 ,
1219 1780 1286 1837 et
1322 1770 1931 1837 dismembrationes
1945 1820 1964 1854 ,
2022 1769 2213 1837 etiam
2256 1780 2608 1861 perpetuas

185 1874 280 1939 de
327 1873 662 1958 quibusvis
705 1871 1184 1937 cathedralibus
1205 1920 1226 1955 ,
1291 1892 1548 1937 necnon
1608 1872 1751 1937 aliis
1808 1872 2124 1956 eeclesiis,
2172 1872 2603 1957 monasteriis,

183 1973 643 2059 dignitatibuS,
683 1971 1156 2061 personatibus,
1207 1972 1460 2055 officiis,
1508 1981 1575 2037 et
1612 1972 1951 2039 benefieiis
1986 1972 2461 2060 ecclesiasticis,
2496 1996 2605 2041 eo-

181 2094 426 2140 rumve
467 2072 800 2155 domibus,
862 2072 1150 2161 praediis
1177 2122 1198 2155 ,
1261 2082 1326 2137 et
1365 2073 1529 2138 loeis
1573 2096 1693 2162 per
1736 2095 2030 2159 cessum,
2085 2076 2195 2141 vel
2235 2074 2605 2158 decessum,

183 2184 308 2240 aut
345 2173 542 2239 aliam
587 2172 880 2258 quamvis
921 2172 1362 2239 dimissionem
1379 2226 1398 2259 ,
1461 2174 1573 2239 vel
1631 2175 2049 2243 amissionem
2106 2175 2605 2261 qualiacumque

185 2274 463 2356 fuerint,
503 2272 802 2355 invicem,
843 2273 953 2338 vel
992 2273 1138 2340 aliis
1187 2274 1500 2361 eeclesiis,
1544 2274 1970 2359 monasteriis,
2016 2281 2083 2339 et
2124 2276 2365 2341 mensis
2412 2275 2605 2341 etiam

183 2364 654 2463 capitularibus
671 2424 692 2458 ,
737 2370 1162 2459 dignitatibus
1186 2424 1205 2459 ,
1250 2375 1739 2463 personatibus,
1799 2376 2068 2459 officiis,
2126 2374 2493 2457 beneficiis,
2532 2398 2607 2440 ac

193 2474 328 2565 piis
344 2525 366 2560 ,
426 2484 496 2538 et
539 2472 682 2539 aliis
727 2474 909 2558 locis,
950 2474 1480 2541 universitatibus
1538 2474 1734 2541 etiam
1772 2476 2137 2543 studiorum
2174 2474 2603 2561 generalium,

189 2583 265 2639 et
311 2573 610 2661 collegiis
624 2622 644 2657 ,
689 2573 905 2638 'etiam
947 2574 1016 2638 in
1058 2574 1352 2639 favorem
1393 2570 1587 2641 Sanc.
1630 2576 1961 2642 Romanae
2000 2574 2333 2641 Ecclesiae
2378 2574 2608 2642 Cardi-

191 2674 449 2741 nalium
463 2722 482 2757 ,
543 2694 661 2739 seu
703 2674 996 2743 eeclesiis
1011 2722 1032 2757 ,
1091 2676 1499 2741 monasteriis
1514 2722 1534 2759 ,
1596 2686 1663 2741 et
1706 2676 2039 2741 beneficiis
2076 2696 2197 2762 per
2233 2696 2349 2741 >eos
2384 2678 2609 2743 obten-

189 2775 278 2840 tis
326 2774 823 2859 quomodolibet
862 2774 1218 2863 apostolica
1234 2820 1254 2859 ,
1305 2775 1415 2841 vel
1467 2775 1595 2841 alia
1654 2774 1880 2861 quavis
1938 2776 2101 2861 (non
2138 2786 2359 2841 tamen
2403 2775 2604 2843 Cone.

189 2874 384 2941 Trid.
429 2873 808 2939 auctoritate
824 2922 845 2957 ,
888 2896 1014 2939 nec
1055 2896 1186 2941 non
1223 2897 1346 2961 pro
1387 2874 1771 2941 fundatione
1784 2926 1805 2961 ,
1863 2898 1981 2942 seu
2026 2876 2359 2942 dotatione
2374 2926 2395 2961 ‚
2442 2899 2603 2964 aug-

199 2983 430 3041 mento
455 3024 476 3057 ,
533 2974 644 3039 vel
707 2975 1198 3041 conservatione
1255 2976 1684 3063 collegiorum
1707 3026 1727 3059 ,
1796 2986 1861 3041 et
1898 2977 2176 3044 aliorum
2214 2976 2492 3066 piorum,
2538 2987 2605 3043 et

193 3075 668 3161 religiosorum
707 3076 1002 3141 locorum
1043 3075 1128 3139 ad
1171 3075 1331 3141 fidei
1375 3077 1732 3143 catholicae
1784 3077 2236 3144 defensionem
2265 3129 2285 3164 ,
2346 3088 2414 3143 et
2457 3100 2605 3167 pro—

187 3176 616 3267 pagationem
637 3224 658 3261 ,
728 3178 1174 3261 bonarumque
1221 3177 1456 3243 artium
1496 3177 1741 3243 cultum
1804 3178 2315 3265 institutorum),
2386 3179 2607 3264 factas,

187 3298 368 3365 quae
415 3297 602 3342 suum
633 3298 768 3343 nen
813 3286 965 3342 sunt
1011 3277 1276 3341 sortitae
1319 3276 1661 3342 effectum:
1704 3274 1810 3341 Ac
1850 3298 2297 3363 quascumque
2338 3298 2602 3344 eonces-

187 3378 439 3461 siones,
478 3387 547 3443 >et
589 3378 894 3443 mandata
937 3398 1134 3465 super
1174 3376 1545 3460 unionibus,
1587 3376 2085 3462 annexionibus,
2129 3377 2601 3467 incorporatio·

187 3479 409 3561 nibus,
451 3489 516 3545 et
561 3477 706 3543 aliis
747 3478 1118 3567 praemissis
1163 3478 1380 3543 taliter
1421 3477 1738 3544 faciendis
1778 3478 2143 3561 revocavit,
2187 3479 2497 3562 cassavit,
2542 3487 2609 3543 et

185 3576 492 3662 irritavit,
535 3578 908 3664 nulliusque
952 3578 1247 3645 decrevit
1289 3578 1575 3645 existere
1616 3576 1962 3644 firmitatis.
2004 3578 2151 3645 Nec
2180 3578 2375 3643 alicui
2418 3600 2606 3664 quas-

189 3699 474 3763 cumque
509 3679 865 3763 clausulas,
934 3679 1046 3744 vel
1085 3679 1505 3766 adjectiones,
1548 3689 1661 3745 aut
1706 3680 1973 3745 decreta
1992 3729 2013 3763 ,
2074 3700 2240 3765 quae
2286 3676 2607 3745 Sanctitas

193 3780 341 3849 Sua
378 3800 502 3869 pro
545 3781 882 3871 expressis
923 3780 1151 3845 haberi
1193 3775 1418 3865 voluit,
1461 3781 1531 3845 in
1572 3780 1907 3865 quibusvis
1945 3776 2367 3869 Apostolicis,
2410 3780 2621 3845 etiam.

193 3902 366 3967 quae
409 3888 589 3946 motu
630 3882 918 3969 proprio,
959 3890 1072 3945 aut
1111 3902 1198 3947 ex
1237 3889 1417 3947 certa
1456 3879 1746 3963 scientia,
1796 3889 1863 3946 et
1888 3880 2423 3947 consistorialiter
2458 3904 2607 3969 pro·

193 3988 540 4047 cesserunt
557 4030 576 4064 ,
638 3990 706 4045 et
757 3990 1142 4048 emanarunt
1177 3980 1421 4064 literis,
1486 3980 1736 4047 etiamsi
1780 3981 1851 4047 in
1890 3980 1985 4047 eis
2029 3980 2369 4047 decretum
2412 3990 2607 4067 esset,

189 4081 344 4145 illas
391 4101 478 4147 ex
519 4090 674 4147 tunc
701 4082 1008 4147 effectum
1043 4080 1302 4146 sortitas
1341 4102 1507 4162 esse,
1550 4089 1661 4146 aut
1691 4080 1800 4166 jus
1846 4080 2206 4165 quaesitum
2236 4080 2399 4165 fore,
2444 4100 2602 4166 quo—

191 4180 564 4247 modolibet
606 4190 910 4247 contenta
952 4181 1265 4248 adversus
1323 4180 1845 4265 revocationem,
1912 4190 1978 4245 et
2018 4180 2445 4247 irritationem
2486 4182 2604 4247 hu—

183 4281 481 4370 jusmodi
520 4283 732 4349 voluit
778 4284 1184 4369 aliquatenus
1230 4285 1625 4371 suffragari.-
1663 4285 2053 4352 Decernens
2092 4284 2351 4351 irritum
2394 4294 2519 4353 etc.

370 4384 432 4464 §-
477 4382 575 4448 14.
629 4384 800 4449 Item
835 4384 1172 4479 revocavit
1210 4406 1650 4473 quascumque
1695 4385 2037 4453 facultates
2082 4404 2425 4453 concessas
2470 4388 2607 4473 qui-

199 4485 428 4551 busvis
469 4484 876 4574 patriarchis,
918 4485 1446 4576 archiepiscopis,
1479 4486 1829 4576 episcopis,
1864 4495 1935 4553 et
1974 4486 2121 4555 aliis
2162 4486 2481 4577 personis,
2530 4511 2606 4555 ac
