2959 4984
442 302 514 358 22
717 298 809 355 VI.
881 294 1179 353 REGULA
1217 292 1740 349 GHRODOGANGI
1776 288 2105 347 muscum
2144 286 2525 351 nmmsls.

443 464 714 531 credere
761 462 981 528 debes.
1039 460 1148 526 De
1189 458 1408 525 multis
1449 458 1625 525 enim
1668 480 1871 546 pauca
1914 454 2433 547 perstrinximus,
2480 474 2553 529 ut
2592 465 2843 531 animos

440 573 692 631 vestros
750 562 832 627 ad
893 581 1145 626 morem
1201 558 1579 625 humilitatis
1619 578 2083 647 provocemus,
2147 568 2214 623 et
2246 584 2283 625 a
2322 562 2697 631 detestabili
2729 565 2843 629 ini-

447 666 736 749 micaque
763 663 912 728 Deo
965 658 1267 749 superbia
1307 658 1711 723 retrahamus
1734 658 1805 743 ¹).
1852 654 2023 725 Nam
2068 658 2223 723 dum
2266 684 2457 729 omne
2488 686 2705 751 genus
2731 665 2843 728 hu—

453 786 714 831 manum
759 760 1274 829 Christianorum
1293 808 1314 842 ,
1383 766 1577 844 atque
1622 780 1813 823 omne
1854 758 2095 845 vulgus
2140 758 2563 829 humilitatem
2608 765 2848 830 habere

456 863 832 945 conveniat3
871 859 1060 929 nimis
1101 859 1393 945 iniquum
1433 858 1917 947 pessimumque
1956 882 2031 923 ac
2072 858 2452 928 detestabile
2484 872 2604 947 est,
2644 873 2725 929 ut
2748 864 2851 949 qui

453 964 715 1031 servitio
760 962 892 1029 Dei
951 958 1316 1051 pecularius
1357 980 1430 1023 se
1475 958 1857 1041 iunxerunt,
1913 959 2341 1026 humilitatem
2382 962 2851 1051 derelinquant,

455 1075 522 1129 et
563 1062 923 1153 superbiae,
965 1060 1074 1125 vel
1119 1058 1472 1125 diabolicae
1516 1058 1844 1145 tyrannidi
1889 1078 1960 1125 se
2003 1060 2251 1125 socient
2270 1062 2349 1147 ²).
2444 1064 2707 1131 Idcirco
2748 1088 2848 1131 ne-

459 1186 640 1231 cesse
697 1172 794 1229 est
807 1212 826 1245 ,
887 1170 961 1226 ut
1023 1159 1136 1245 qui
1179 1157 1492 1225 suadente
1538 1158 1795 1225 diabolo
1838 1180 2045 1245 usque
2088 1184 2259 1227 nunc
2298 1166 2621 1252 superbus
2665 1176 2849 1251 atque

459 1266 664 1331 elatus
731 1262 916 1325 vultu
937 1260 994 1347 ⁸)
1059 1260 1259 1343 vivit3
1331 1260 1589 1325 inantea
1628 1258 1777 1325 Deo
1820 1259 2205 1344 auxiliante,
2266 1284 2389 1351 per
2427 1265 2851 1330 humilitatem

457 1374 650 1451 atque
695 1362 1024 1428 caritatem
1065 1361 1176 1425 vel
1225 1359 1680 1441 obedientiam,
1724 1382 1839 1425 seu
1883 1382 2004 1447 per
2050 1360 2263 1447 aliqua
2300 1364 2465 1430 bona
2501 1363 2635 1429 Dei
2674 1386 2852 1455 prae-

465 1472 650 1553 cepta
670 1510 690 1544 ,
751 1469 1083 1547 resurgat3
1147 1460 1297 1545 quia
1361 1460 1565 1525 multo
1626 1458 1860 1525 melius
1920 1468 2019 1525 est
2072 1482 2193 1550 per
2238 1463 2671 1529 humilitatem
2716 1486 2851 1529 cum

465 1561 724 1630 Christo
785 1560 855 1626 in
896 1560 1278 1627 caelestibus
1321 1580 1633 1646 regnare,
1698 1580 1889 1645 quam
1948 1584 2095 1626 cum
2152 1562 2411 1628 diabolo
2468 1586 2591 1651 per
2637 1586 2849 1653 super-

457 1664 628 1729 biam
671 1661 742 1727 in
783 1660 1038 1727 inferno
1081 1682 1226 1725 cum
1267 1660 1537 1745 reliquis
1582 1662 2135 1751 contemptoribus
2174 1662 2491 1750 demergi.

1019 1842 1181 1931 Cap.
1221 1844 1312 1909 Π.
1383 1842 1488 1909 De
1534 1845 1763 1909 ordine
1810 1848 2289 1911 canonicorum.

621 1994 905 2063 Ordines
961 2014 1112 2061 suos
1178 1994 1461 2061 canonici
1528 1996 1617 2059 ita
1677 2007 2093 2080 conservent,
2153 2006 2226 2061 ut
2274 1996 2549 2063 ordinati
2594 2010 2746 2064 sunt
2786 1998 2845 2063 in

455 2096 765 2185 gradibus
810 2095 942 2161 suis
986 2095 1342 2160 secundum
1387 2094 1745 2181 legitimam
1788 2096 2255 2163 institutionem
2280 2099 2611 2165 Romanae
2662 2100 2847 2165 eccle·
2916 2124 2918 2169 t

453 2199 606 2281 siae,
648 2198 716 2261 in
757 2195 1351 2287 omnibusqomnino
1394 2194 1577 2278 locis,
1616 2196 1683 2261 id
1730 2206 1847 2281 est,
1890 2197 1958 2264 in
2002 2198 2293 2283 ecclesia,
2338 2200 2445 2265 vel
2473 2198 2850 2285 ubicumque

449 2296 713 2364 insimul
750 2316 821 2361 se
859 2294 1329 2378 coniunxerint,
1373 2304 1438 2360 et
1474 2297 1637 2362 ratio
1682 2306 1998 2385 praestat3
2046 2300 2335 2388 exceptis
2360 2298 2484 2383 his,
2526 2322 2693 2385 quos
2732 2297 2847 2387 epi-

349 2448 352 2453 .
453 2420 688 2486 scopus
745 2395 816 2460 in
855 2396 1086 2461 altiore
1143 2396 1353 2482 gradu
1394 2396 1829 2481 constituerit,
1888 2399 1996 2464 vel
2037 2399 2495 2487 degradaverit
2536 2400 2732 2466 certis
2775 2420 2847 2462 ex
2916 2441 2918 2462 ι

461 2497 706 2579 causis;
769 2496 1006 2583 reliqui
1053 2517 1312 2578 omnes,
1362 2506 1434 2560 ut
1477 2496 1780 2580 diximuS,
1820 2498 1911 2565 ita
1952 2508 2023 2564 ut
2066 2500 2342 2566 ordinati
2386 2508 2552 2585 sunt,
2596 2500 2845 2567 ordines

456 2621 608 2664 suos
654 2596 1032 2662 custodiant.
1112 2595 1408 2661 Iunior-es
1453 2596 1655 2681 igitur
1696 2598 1949 2686 priores
1994 2568 2144 2665 slios
2189 2601 2527 2667 honorent.
2597 2600 2845 2667 Priores

456 2698 744 2764 iuniores
765 2696 822 2783 4)
872 2719 1021 2762 suos
1065 2694 1133 2759 in
1174 2694 1394 2761 Deum
1438 2696 1731 2782 diligant.

623 2797 704 2861 In
743 2795 945 2885 ipsius
989 2804 1205 2860 autem
1238 2796 1677 2885 appellatione
1723 2798 1997 2864 nominis
2041 2800 2203 2865 nulli
2244 2800 2435 2865 liceat
2460 2801 2660 2866 alium
2688 2821 2839 2889 puro

460 2896 720 2963 nomine
765 2896 1117 2985 appellare,
1159 2896 1280 2961 sed
1321 2887 1679 2961 secundum
1746 2899 2269 2965 constitutionem
2324 2910 2581 2967 sanctae
2648 2902 2835 2967 eccle-

463 2997 596 3064 siae
637 2995 812 3061 sedis
864 2996 1288 3085 Apostolicae
1330 3006 1521 3065 vocet
1562 3019 1711 3063 eum
1753 3021 1991 3065 nomen
2034 3024 2250 3087 suum,
2298 3002 2478 3091 prius
2524 3002 2744 3067 addito
2788 3008 2844 3064 et

460 3094 798 3163 ministerii
859 3096 959 3161 sui
1017 3096 1264 3183 gradu,
1332 3098 1817 3184 qualiscumque
1865 3100 2080 3166 fuerit.
2183 3100 2599 3189 Ubicumque
2642 3110 2841 3168 autem
2915 3114 2916 3187 ss

465 3218 536 3261 se
584 3195 938 3261 obviaverit
980 3197 1188 3263 clerus
1208 3197 1262 3283 ¹⁵)
1331 3197 1545 3264 iunior
1603 3198 1945 3266 inclinatus
1992 3226 2031 3269 a
2073 3203 2292 3291 priore
2335 3202 2841 3269 benedictionem
2915 3206 2916 3219 ¹

458 3307 674 3387 petat3
741 3306 806 3362 et
848 3297 900 3362 si
947 3296 1284 3362 sedentem
1325 3298 1683 3383 invenerit,
1742 3308 2112 3367 transeunte
2159 3303 2401 3369 maiore
2465 3303 2681 3368 minor
2722 3323 2841 3367 sur-

456 3408 614 3485 gat,
661 3406 723 3462 et
766 3396 880 3461 det
920 3396 979 3461 ei
1021 3397 1238 3461 locum
1273 3396 1568 3480 sedendi,
1632 3421 1754 3464 nec
1810 3413 2176 3488 praesumat
2220 3403 2437 3469 iunior
2480 3405 2841 3483 consedere,

464 3498 585 3564 nisi
630 3498 691 3562 ei
731 3496 1086 3585 praecipiat
1120 3497 1335 3563 senior
1379 3521 1567 3581 suus3
1608 3506 1683 3563 ut
1722 3500 1835 3565 fiat
1866 3502 2039 3586 quod
2066 3502 2377 3593 scriptum
2404 3513 2533 3571 est:
2586 3502 2841 3569 Honore

455 3601 728 3663 invicem
760 3600 1255 3683 praevenientes
1303 3597 1517 3683 (Rom.
1549 3598 1677 3685 12).

628 3698 828 3762 Pueri
867 3696 1082 3786 parvi,
1124 3698 1234 3762 vel
1271 3698 1714 3763 adolescentes
1759 3700 1828 3765 in
1872 3703 2185 3786 oratorio,
2246 3704 2355 3769 vel
2394 3705 2479 3769 ad
2528 3726 2775 3771 mensas
2795 3700 2839 3783 6)

450 3824 594 3867 cum
657 3798 995 3887 disciplina
1057 3797 1319 3863 ordines
1361 3821 1514 3864 suos
1564 3799 1965 3867 custodiantz
2032 3804 2205 3869 foras
2248 3814 2503 3890 autem,
2568 3805 2681 3871 ubi
2706 3804 2753 3890 ⁷)
2790 3809 2843 3866 et

446 3900 559 3966 ubi
602 3898 966 3965 custodiam
1015 3898 1294 3965 habeant
1332 3898 1759 3989 disciplinam.

652 4141 706 4209 1)
743 4144 818 4195 al.
858 4139 1189 4195 destabilem
1229 4139 1615 4212 inimicamque
1638 4145 1743 4199 Dei
1778 4145 2094 4216 superbiam
2120 4145 2191 4201 ab
2218 4145 2295 4201 ei·
2316 4146 2677 4203 retrahamus.
2793 4140 2839 4209 2)
2913 4164 2914 4213 3

455 4230 530 4281 al.
571 4227 820 4281 Christus
859 4228 918 4282 in
953 4226 1280 4297 humilitate,
1321 4230 1575 4285 diabolus
1614 4232 1673 4286 in
1707 4234 1967 4305 superbia
2006 4232 2181 4289 sedet.
2402 4235 2457 4303 3)
2496 4238 2571 4289 al.
2607 4238 2667 4289 et
2700 4233 2838 4290 vultu
2913 4220 2914 4291 ἶ

453 4313 686 4383 rigidus.
961 4316 1019 4385 4)
1058 4318 1132 4371 al.
1176 4317 1436 4372 minores.
1680 4320 1749 4389 15)
1785 4324 1859 4376 al.
1898 4320 2097 4389 clerus,
2141 4320 2327 4377 iunior
2356 4320 2673 4390 inclinetur,
2706 4324 2760 4376 et
2797 4334 2835 4370 a·

459 4402 518 4469 6)
560 4404 634 4455 al.
669 4398 887 4454 Missas.
1125 4403 1180 4473 ’7)
1221 4410 1294 4460 al.
1333 4408 1393 4460 et
1423 4406 1757 4477 ubicumque
1796 4407 2019 4462 fuerint.
2632 4416 2637 4421 “
