2959 4984
514 317 666 369 XIII.
740 315 1228 370 CONCORDATA
1271 315 1898 370 CONSTANTIENSIA
1938 317 1998 366 Α.
2043 312 2200 368 1418.
2473 312 2546 370 95

150 505 525 568 omnemque
568 483 1007 565 inhabilitatis,
1051 483 1548 568 irregularitatis
1578 503 1702 547 nec
1739 503 1872 546 non
1895 479 2192 546 infamiae
2222 479 2538 544 maculam

149 585 593 671 symoniacam,
631 592 821 668 atque
868 583 1056 648 aliam
1093 583 1309 648 labem
1354 605 1472 671 per
1515 603 1664 646 eum
1697 581 2028 646 occasione
2076 579 2406 667 praedicta
2433 601 2536 644 us·

148 705 263 768 que
304 684 385 749 ad
432 693 692 770 tempus
756 683 1161 771 praedictum
1224 692 1613 748 contractam
1670 683 1738 746 in
1783 682 2016 746 eodem
2065 680 2208 744 foro
2258 679 2541 744 totaliter

144 785 435 850 abolere:
482 784 731 848 fructus
768 804 1027 868 quoque
1074 782 1542 848 beneficiorum
1575 781 2383 864 ecclesiasticorum,.quos
2412 779 2540 843 for-

145 908 249 949 san
290 884 581 949 indebite
626 883 923 972 percepit
966 892 1031 948 et
1074 905 1234 968 quos
1278 883 1618 970 percipere
1663 881 2010 970 potuisset,
2071 889 2183 944 aut
2223 878 2540 963 quidquid

146 985 473 1050 occasione
519 983 850 1072 praedicta
891 984 1086 1048 fuerit
1125 982 1609 1049 refundendum
1648 980 2029 1066 (dummodo
2081 1000 2363 1067 persona
2400 979 2542 1067 ipsa

144 1082 219 1147 ad
281 1083 681 1148 refusionem
744 1082 1107 1148 faciendam
1134 1130 1155 1165 ,
1234 1081 1516 1147 deducto
1568 1102 1650 1146 ne
1719 1089 1911 1167 egeat
1975 1080 2044 1144 in
2083 1089 2253 1146 statu
2294 1079 2363 1144 in
2408 1100 2535 1164 quo

145 1193 285 1250 tunc
328 1183 528 1248 Fuerit
547 1233 567 1266 ,
632 1194 743 1267 aut
790 1185 945 1250 alias
1010 1188 1253 1270 absque
1316 1194 1469 1250 nota
1521 1184 1632 1248 vel
1689 1182 1992 1248 scandalo
2036 1181 2364 1248 sufficiens
2407 1203 2539 1248 non

144 1284 355 1368 fuerit)
418 1285 487 1349 in
550 1285 722 1350 dicto
766 1286 909 1352 foro
952 1286 1286 1351 remittere
1313 1335 1332 1366 ,
1397 1308 1471 1350 ac
1517 1307 1657 1350 eam
1699 1284 1782 1348 de
1826 1283 1928 1347 his
1978 1282 2225 1366 quitare
2273 1293 2340 1346 et
2379 1283 2539 1348 libe-

144 1407 275 1450 rare
322 1394 555 1466 tenore
606 1387 1042 1473 praesentium
1105 1386 1490 1471 (literarum)
1543 1385 2001 1469 indulgemus;
2067 1382 2530 1448 constitutioni-

146 1487 253 1549 bus
300 1485 705 1574 Apostolicis
756 1487 825 1551 in
871 1487 1260 1552 contrarium
1324 1485 1704 1551 facientibus
1769 1505 1898 1548 non
1957 1483 2350 1549 obstantibus
2397 1482 2532 1567 qui-

150 1587 543 1671 buscunque.

296 1719 459 1784 VH.
550 1717 652 1782 De
692 1743 824 1784 non
862 1721 1147 1786 vitandis
1195 1723 1764 1787 excomnmnicatis
1824 1735 2169 1808 antequam
2209 1742 2329 1804 per
2374 1717 2538 1781 iudi-

145 1841 267 1882 cem
298 1817 571 1904 fuerint
616 1819 942 1884 declarati
980 1835 1039 1884 et
1086 1821 1473 1886 denunciati.
1535 1822 1812 1908 Insuper
1853 1819 1933 1884 ad
1976 1818 2308 1884 vitandum
2357 1839 2534 1882 scan—

152 1916 286 1983 dala
333 1928 401 1983 et
443 1920 645 1984 multa
686 1921 1006 2008 pericula,
1066 1922 1711 2007 subveniendumque
1756 1920 2159 1986 conscientiis
2205 1917 2536 1999 timoratis,

150 2021 442 2085 omnibus
493 2017 735 2086 Christi
778 2021 1078 2087 fidelibus
1125 2031 1350 2088 tenore
1389 2021 1824 2111 praesentium
1898 2021 2284 2106 (literarum)
2330 2015 2541 2084 indul·
2641 2039 2646 2046 ·

148 2140 368 2204 gemus
393 2168 415 2201 ,
487 2121 663 2206 quod
708 2144 899 2188 nemo
944 2122 1250 2213 deinceps
1313 2150 1350 2189 a
1406 2124 1858 2190 communione
1900 2122 2164 2187 alicuius
2215 2122 2282 2184 in
2328 2141 2540 2184 sacro·

145 2242 277 2284 rum
318 2220 877 2288 administratione
927 2225 1035 2296 vel
1078 2225 1454 2312 receptione
1499 2234 1608 2290 aut
1651 2224 1791 2289 aliis
1840 2222 2326 2309 quibuscunque
2376 2219 2536 2284 divi-

146 2319 254 2402 nis,
297 2323 409 2385 vel
458 2331 662 2404 extra,
710 2331 1053 2409 praetextu
1102 2323 1536 2409 cuiuscunque
1583 2323 1940 2388 sententiae
1967 2329 2077 2386 aut
2100 2339 2409 2386 censurae
2438 2339 2540 2382 ec-

149 2421 532 2487 clesiasticae
574 2446 613 2486 a
656 2422 797 2487 iure
836 2423 944 2487 vel
986 2422 1247 2488 homine
1314 2424 1712 2510 generaliter
1754 2420 2200 2511 promulgatae
2244 2427 2540 2482 teneatur

145 2521 482 2602 abstinere,
525 2522 636 2586 vel
676 2523 959 2608 aliquem
999 2524 1223 2607 vitare,
1270 2534 1381 2589 aut
1423 2522 1839 2588 interdictum
1887 2517 2390 2585 ecclesiasticum
2427 2519 2536 2584 ob—

146 2641 396 2688 servare
419 2671 440 2704 ,
484 2621 609 2688 nisi
648 2622 969 2689 sententia
1009 2624 1117 2689 vel
1164 2644 1435 2689 censura
1476 2621 1847 2688 huiusmodi
1885 2620 2083 2687 fuerit
2120 2619 2188 2684 in
2233 2617 2342 2683 vel
2386 2639 2535 2682 con-

146 2730 235 2787 tra
275 2743 647 2811 personam,
692 2723 1079 2810 collegium,
1123 2723 1607 2790 universitatem
1624 2773 1643 2806 ‚
1685 2721 2077 2803 Ecclesiam,
2121 2717 2535 2784 communita-

146 2831 267 2886 tem
313 2832 429 2888 aut
469 2823 684 2888 locum
745 2833 985 2888 certam
1050 2825 1160 2889 vel
1232 2834 1481 2890 certum
1537 2849 1575 2888 a
1625 2823 1841 2888 iudice
1888 2820 2211 2910 publicata
2273 2819 2380 2882 vel
2423 2817 2535 2883 de-

148 2921 438 2988 nunciata
480 2923 849 3010 specialiter
892 2931 958 2987 et
999 2945 1353 3013 expresse3
1432 2923 1990 2989 constitutionibus
2033 2918 2434 3008 Apostolicis
2477 2927 2544 2983 et

144 3019 275 3086 aliis
338 3023 411 3087 in
480 3023 870 3087 contrarium
928 3023 1305 3090 facientibus
1369 3047 1502 3090 non
1558 3023 1957 3089 obstantibus
2029 3019 2535 3105 quibuscunque.

148 3117 335 3187 Salvo
394 3121 451 3186 si
514 3143 708 3206 quem
768 3145 887 3210 pro
953 3124 1269 3210 sacrilega
1325 3147 1630 3188 manuum
1688 3123 2032 3188 iniectione
2073 3121 2142 3186 in
2190 3117 2536 3200 Clericum,

147 3221 524 3286 sententiam
585 3223 778 3286 latam
843 3246 882 3286 a
924 3221 1188 3289 Canone
1249 3225 1413 3289 adeo
1477 3223 1730 3289 notorie
1799 3220 2156 3288 constiterit
2211 3218 2536 3300 incidisse,

150 3321 312 3403 quod
364 3321 605 3386 factum
660 3345 793 3387 non
848 3323 1054 3411 possit
1098 3324 1313 3408 aliqua
1368 3323 1906 3410 tergiversatione
1969 3320 2199 3403 celari,
2257 3341 2380 3384 nec
2421 3317 2535 3383 ali-

148 3439 265 3503 quo
323 3420 486 3486 iuris
549 3421 863 3509 suffragio
926 3424 1241 3490 excusari.
1352 3422 1522 3489 Nam
1567 3448 1604 3488 a
1649 3422 2098 3488 communione
2157 3419 2332 3485 illius
2382 3418 2537 3484 licet

148 3516 561 3591 denunciatus
600 3543 733 3587 non
779 3522 976 3588 fuerit
998 3524 1313 3590 'volumus
1354 3523 1694 3606 abstineri,
1751 3524 1931 3588 iuxta
1976 3520 2312 3590 canonicas
2354 3539 2532 3583 sanc·

146 3619 365 3686 tiones.

300 3761 494 3827 vm.
583 3761 684 3828 De
733 3763 1365 3852 Dispensatz‘onibus.
1462 3765 1744 3834 Ordinat
1809 3769 1999 3834 etiam
2044 3768 2363 3834 Dominus
2422 3788 2536 3831 no-

147 3869 272 3927 ster
312 3863 399 3927 ad
440 3863 762 3931 Ecclesias
808 3864 1209 3932 cathedrales
1233 3916 1253 3950 ,
1306 3867 1729 3952 Monasteria,
1777 3867 2107 3934 Prioratus
2149 3877 2536 3933 conventua-

147 3960 253 4046 les,
290 3973 405 4028 aut
448 3965 846 4052 parochiales
891 3965 1249 4051 Ecclesias,
1314 3989 1512 4056 super
1557 3968 1814 4034 defectu
1860 3969 2098 4034 aetatis
2130 3969 2297 4033 ultra
2339 3967 2534 4033 trien-

150 4062 318 4128 nium
360 4065 727 4132 nullatenus
773 4065 1181 4155 dispensare3
1224 4067 1345 4133 nisi
1391 4068 1563 4133 forte
1609 4069 1677 4133 in
1707 4069 2015 4135 Ecclesiis
2059 4067 2534 4134 cathedralibus

150 4183 227 4228 ex
266 4166 471 4232 ardua
514 4175 580 4231 et
625 4166 910 4232 evidenti
954 4190 1160 4249 causa,
1208 4167 1291 4232 de
1332 4169 1598 4234 consilio
1635 4167 2076 4236 Cardinalium
2115 4190 2232 4232 seu
2272 4167 2530 4233 maioris

148 4265 337 4350 partis
379 4265 642 4331 illorum
685 4267 1020 4333 videretur
1060 4267 1248 4333 aliter
1288 4268 1814 4356 dispensandum.
1859 4268 2028 4334 Item
2054 4267 2374 4334 Dominus
2418 4291 2532 4334 no-

148 4375 273 4431 ster
312 4366 381 4432 in
422 4367 641 4433 arduis
683 4376 749 4431 et
785 4367 1090 4454 gravibus
1138 4369 1388 4435 casibus
1434 4369 1574 4433 sine
1622 4368 1887 4433 consilio
1920 4367 2362 4434 Cardinalium
2405 4392 2536 4435 non

148 4465 419 4534 intendit
461 4468 857 4557 dispensare.
