2959 4984
571 265 822 318 XXXIX.
910 266 1152 318 BREVE
1189 267 1328 318 PRO
1367 265 1615 318 REGNO
1654 265 2059 320 Bonnsslco
2100 271 2163 318 A.
2201 266 2359 321 1821.
2554 266 2661 322 263

257 434 394 500 Dei
435 432 653 520 gloria
690 450 796 494 res
845 439 962 512 est,
1005 437 1074 494 et
1117 431 1287 495 bono
1331 429 1688 496 animarum
1710 479 1730 512 ,
1776 430 1859 495 de
1904 439 2167 496 aeterna
2208 432 2421 498 salute
2466 434 2655 502 etiam

257 533 514 600 Vestra.
596 533 753 600 Non
803 532 1002 598 alium
1057 530 1298 596 idcirco
1359 531 1559 595 finem
1622 530 1689 595 in
1730 532 2191 618 suffragatione
2236 534 2477 599 habere
2517 537 2657 602 Vos

255 645 538 724 oportet,
583 635 708 700 nisi
747 644 821 699 ut
861 631 1198 718 religionis
1242 631 1621 696 utilitatibus
1666 641 1731 696 et
1770 632 1997 718 gregis
2038 632 2462 699 incolumitati
2507 659 2653 701 con—

255 735 544 801 sultatis:
589 734 818 800 alienis
859 741 1072 797 autem
1113 731 1252 795 Vos
1299 732 1579 818 peccatis
1621 733 2113 816 communicare,
2163 733 2483 800 affirmant
2513 737 2653 804 Tri-

253 836 506 901 dentini
531 836 778 917 PatreS,
822 833 943 898 nisi
984 855 1146 917 quos
1187 831 1521 916 digniores
1568 841 1635 896 et
1659 831 1991 898 Ecclesiae
2034 833 2243 919 magis
2285 835 2498 920 utiles,
2525 861 2654 902 non

249 937 520 1024 quidem
562 935 882 1024 precibuS,
922 933 1031 997 vel
1068 932 1348 996 humano
1393 932 1655 1016 affectu,
1705 942 1815 997 aut
1840 933 2258 998 ambientium
2284 937 2651 1022 suggestio-

246 1035 462 1118 nibus,
509 1035 627 1100 sed
671 1055 894 1098 eorum
941 1031 1368 1096 existentibus
1409 1032 1657 1096 meritis
1698 1031 2155 1116 iudicaveritiS,
2203 1036 2465 1121 praefici
2508 1036 2649 1103 dili-

245 1145 489 1222 genter
554 1133 826 1199 curetis:
886 1131 1110 1196 Vestri
1156 1131 1398 1219 quippe
1443 1131 1639 1196 studii
1687 1155 1761 1196 ac
1803 1133 2097 1218 suffragii
2140 1135 2459 1199 rationem
2503 1138 2648 1203 red-

246 1236 420 1302 detis
456 1237 580 1324 ipsi
607 1237 775 1318 Dec,
818 1234 928 1318 qui
959 1233 1248 1318 requiret
1283 1233 1365 1298 de
1395 1233 1689 1298 manibus
1715 1233 1969 1298 Vestris
2000 1236 2381 1322 sanguinem
2412 1241 2646 1328 ovium,

240 1338 298 1404 si
363 1359 530 1424 quae
575 1359 661 1400 ex
705 1335 874 1398 malo
917 1333 1257 1398 Pastorum
1304 1333 1626 1419 regimine
1671 1333 2055 1400 interierint.
2152 1334 2320 1404 Cum
2364 1363 2521 1407 vero
2566 1345 2648 1410 ad

238 1437 586 1522 religionis
632 1435 1064 1516 incrementa,
1129 1431 1587 1516 utilioremque
1632 1431 2037 1522 Episcopalis
2087 1438 2371 1504 muneris
2416 1464 2647 1528 procu-

235 1538 563 1604 rationem
607 1556 1014 1622 summopere
1053 1533 1325 1614 intersit,
1367 1541 1655 1596 mutuam
1700 1534 1943 1598 servari
1986 1535 2323 1622 utriusque
2366 1550 2645 1628 potesta-

236 1637 324 1703 tis
372 1635 800 1718 concordiam,
845 1633 1370 1719 quandoquidem
1415 1654 1501 1696 ex
1536 1631 1756 1697 Ivonis
1785 1631 2201 1702 Carnotensis
2244 1638 2646 1726 testimoniis,

237 1760 396 1803 cum
431 1737 736 1822 Regnum
782 1743 846 1799 et
887 1733 1339 1800 Sacerdotium
1380 1732 1551 1797 inter
1599 1755 1669 1797 se
1723 1735 2133 1820 conveniunt,
2183 1739 2352 1803 bene
2392 1739 2647 1824 regitur

234 1837 541 1918 munduS,
587 1837 780 1900 floret
808 1844 872 1898 et
900 1833 1242 1898 fructificat
1264 1833 1555 1898 Ecclesia
1581 1856 1595 1897 :
1648 1832 2025 1898 Vesta-arum
2044 1839 2338 1922 partium
2369 1842 2513 1919 erit,
2542 1865 2645 1905 eos

235 1937 636 2016 adsciscere,
708 1958 895 2024 quos,
970 1943 1228 2022 praeter
1289 1933 1627 2018 qualitates
1689 1943 1973 2000 caeteras
2021 1936 2456 2003 ecclesiastico
2494 1941 2644 2024 jure

235 2027 635 2126 praefinitaS,
677 2035 1069 2122 prudentiae
1110 2037 1380 2120 insuper
1425 2034 1622 2098 laude
1666 2035 2140 2116 commendari,
2188 2061 2306 2101 neo
2352 2038 2645 2106 Sereni-3-

233 2142 402 2203 simo
447 2138 620 2225 Reqi
658 2139 868 2200 minus
909 2148 1135 2222 yratos
1186 2157 1320 2198 esse
1349 2137 1697 2216 -noverz'tzls,
1750 2136 1827 2200 de
1878 2131 2103 2224 Quibus
2152 2153 2495 2226 antequam
2544 2165 2643 2204 so-

237 2240 508 2303 lemnem
553 2237 882 2301 electionis
927 2249 1138 2300 actum
1183 2258 1267 2298 ex
1313 2232 1648 2299 Oanonum
1686 2237 1935 2324 reyulis
1980 2237 2108 2302 rite
2156 2239 2526 2318 celebrati-3,
2573 2255 2644 2304 ut

248 2338 447 2403 Vobis
496 2350 745 2401 constet
789 2335 1121 2400 curabitis.

417 2440 826 2522 Quamquam
888 2457 1046 2500 vero
1087 2433 1504 2502 Serenissimi
1548 2433 1747 2520 Regis
1793 2433 2131 2502 desideriis
2176 2449 2533 2504 annuentes
2573 2439 2642 2505 in

237 2537 593 2628 praedictis
637 2536 894 2602 Nostris
951 2535 1153 2600 literis
1203 2534 1745 2618 constituerimuS,
1793 2534 2134 2624 eligendos
2176 2537 2260 2601 ad
2299 2537 2643 2604 Borussiae

243 2637 598 2721 Ecclesias,
647 2637 937 2702 eiusdem
975 2636 1166 2722 regni
1208 2636 1452 2702 incolas
1497 2657 1639 2701 esse
1686 2635 1949 2719 debere,
1988 2660 2122 2702 non
2156 2638 2399 2704 idcirco
2428 2650 2643 2706 tamen

245 2761 366 2803 eos
413 2760 659 2820 omneS,
704 2738 814 2822 qui
863 2745 1047 2802 extra
1091 2736 1268 2800 idem
1313 2758 1594 2822 regnum
1634 2746 1986 2820 morantur,
2032 2738 2211 2802 nulla
2258 2739 2639 2827 exceptione

235 2839 443 2920 facta,
505 2859 647 2914 esse
690 2862 726 2902 a
767 2837 972 2902 Vobis
1017 2836 1411 2900 intendimus
1456 2836 1924 2902 excludendos
2010 2835 2086 2903 Si
2132 2839 2301 2904 enim
2344 2839 2412 2904 in
2457 2863 2637 2924 pres-

241 2942 554 3025 byterum
609 2960 696 3002 ex
752 2935 1140 3004 Germanica
1193 2937 1489 3018 natione,
1554 2937 1903 3025 praecipua
1957 2937 2150 3002 laude
2210 2940 2637 3027 praeclarum,

243 3039 360 3124 qui
405 3048 589 3104 extra
629 3036 976 3103 Borussiae
1022 3036 1280 3102 ditionis
1325 3037 1491 3102 fines
1533 3037 1799 3120 habitet,
1848 3047 1999 3102 vota
2033 3039 2271 3104 Vestra
2310 3041 2639 3126 inclinent,

247 3161 420 3221 eum,
464 3138 854 3204 assentiente
885 3137 1093 3222 Rege,
1137 3137 1206 3200 in
1233 3135 1632 3225 Episcopum
1675 3136 1832 3224 eligi
1880 3139 2147 3204 aVobis
2179 3162 2391 3231 posse,
2434 3141 2638 3208 liben-

235 3239 490 3303 tissime
535 3237 954 3302 declaramus,

404 3337 590 3402 Haec
635 3337 853 3402 dilecti
899 3337 1069 3422 Filii,
1111 3361 1148 3404 a
1190 3336 1297 3425 pia
1340 3345 1405 3400 et
1443 3336 1756 3422 religiosa
1800 3338 2373 3428 circumspectione
2401 3344 2638 3410 Vestra

236 3437 521 3502 fidenter
567 3438 986 3522 exquirimus,
1031 3449 1418 3521 omnemque
1462 3436 1705 3501 idcirco
1749 3437 1817 3502 in
1854 3439 1993 3504 Vos
2035 3444 2372 3528 pastoralis
2409 3469 2482 3509 ac
2523 3468 2633 3533 pa-

235 3548 462 3603 ternae
507 3537 788 3603 Nostrae
831 3536 1289 3603 cohortationis
1329 3537 1464 3601 vim
1508 3537 1917 3622 effundimus,
1960 3550 2033 3604 ut
2076 3563 2185 3606 eos
2229 3543 2436 3609 Nobis
2484 3568 2634 3610 con-

235 3637 598 3702 firmandos
645 3636 1002 3702 exhibeatis
1028 3637 1366 3720 AntisiteS,
1413 3637 1497 3702 de
1540 3659 1813 3722 quorum
1856 3640 2171 3705 electione
2212 3643 2637 3730 omnipotenti

233 3737 388 3803 Deo
433 3736 673 3822 gratias
719 3757 954 3822 agere,
1007 3735 1209 3801 fidem
1249 3737 1555 3802 Vestram
1596 3739 1894 3821 laudare,
1942 3739 2249 3804 Ecclesiis
2294 3762 2380 3806 ex
2420 3743 2632 3809 animo

232 3837 584 3923 gratulari,
647 3836 852 3903 Nobis
907 3837 1190 3922 denique
1231 3837 1300 3902 in
1346 3836 1630 3902 Domino
1672 3839 1963 3924 gaudere
2010 3840 2351 3927 possimus
2442 3845 2631 3927 Quae

231 3945 313 4000 ut
365 3957 686 4023 prospere
743 3947 825 4026 et.
867 3959 904 4000 e
959 3937 1280 4002 sententia
1325 3939 1709 4022 succedant,
1778 3938 1976 4003 divini
2020 3941 2327 4028 praesidii
2370 3944 2629 4032 pignus,

235 4037 690 4124 Apostolicam
733 4037 1266 4102 Benedictionem
1313 4038 1521 4112 Vobis
1564 4038 1971 4126 impertimur
2016 4061 2101 4104 ex
2142 4041 2359 4107 corde.

406 4135 650 4200 Datum
690 4136 934 4202 Romae
977 4137 1150 4225 apud
1193 4147 1477 4202 sanctam
1519 4137 1791 4202 Mariam
1836 4137 2153 4204 Maiorem
2197 4140 2302 4206 die
2348 4144 2444 4209 16.
2468 4143 2633 4211 Julii

233 4236 390 4302 anni
434 4235 616 4301 1821.
700 4235 1120 4301 Pontificatus
1162 4236 1387 4302 Nostri
1433 4259 1603 4302 anno
1651 4237 1873 4302 XXII.

1754 4335 1916 4400 Pius
1963 4336 2040 4400 P.
2087 4336 2166 4401 P.
2231 4337 2382 4403 VII.
