2959 4984
403 320 474 377 14
672 318 761 375 IV.
825 318 928 374 Ex
965 317 1186 374 LIBRO
1223 316 1505 375 DIURNO
1538 316 2013 375 ROMANORUM
2050 266 2512 375 an'rmlctm.

405 487 770 555 chidiaconi
793 536 813 569 ,
843 486 858 503 '
881 484 1215 550 electionis
1271 493 1423 551 vota
1479 486 1889 550 contulimus.
1986 486 2068 551 In
2118 485 2299 551 cuius
2342 485 2491 549 Deo
2538 484 2814 549 deditae

405 585 771 668 electionis,
815 584 1034 649 nullus
1053 630 1072 665 ,
1118 583 1330 668 gratia
1372 581 1593 649 Sancti
1638 582 1923 671 Spiritus
1964 584 2325 649 illustrante
2340 633 2359 666 ,
2406 584 2649 667 defuit,
2696 583 2820 648 sed

405 686 692 751 omnium
757 693 906 749 vota
967 683 1370 749 concorditer
1437 694 1922 749 convenerunt:
1992 686 2191 769 inque
2258 685 2397 749 eius
2456 684 2819 749 sanctitatis

399 808 682 875 persona
723 784 988 849 decreta
1025 783 1402 848 solemniter
1443 783 1774 866 facientes,
1812 804 1935 872 per
1974 785 2205 849 harum
2246 784 2618 873 portitores,
2666 806 2815 849 san-

401 888 755 953 ctissimum
819 884 1216 973 Episcopum
1255 884 1361 949 Ill.
1401 885 1844 975 venerabilem
1888 885 2391 970 Presbyterum,
2452 884 2558 949 Ill.
2602 882 2819 948 Nota-

321 1066 328 1070 ,
399 990 590 1071 rium,
631 988 737 1053 Ill.
779 984 1264 1072 Regionarium,
1306 984 1410 1049 Ill.
1452 985 1743 1070 adaeque
1788 982 2273 1051 Subdiaconum
2316 983 2823 1070 Regionarium,

403 1090 510 1155 In.
553 1096 624 1153 et
656 1086 762 1152 m.
804 1086 1006 1153 Viros
1057 1084 1370 1151 honestos
1430 1086 1610 1149 cives
1630 1134 1651 1168 ,
1718 1094 1785 1151 et
1841 1085 1925 1148 de
1982 1085 2316 1149 exercitali
2374 1082 2583 1171 gradu
2615 1132 2639 1166 ,
2706 1083 2819 1147 Ill.

399 1187 975 1254 eminentissimum
1021 1183 1378 1251 Consulem
1400 1234 1420 1267 ,
1458 1186 1567 1251 Ill.
1612 1194 1681 1251 et
1718 1186 1821 1250 Ill.
1866 1186 2245 1270 magnificos
2288 1186 2617 1251 Tribunos
2644 1232 2665 1267 ,
2738 1184 2825 1249 ad

399 1288 715 1377 praecelsi
777 1296 842 1351 et
903 1312 942 1352 a
983 1287 1132 1351 Deo
1177 1287 1412 1351 servati
1468 1286 1589 1351 filii
1643 1287 1845 1351 vestri
1890 1285 2172 1353 Exn-effi
2213 1284 2489 1371 vestigia
2536 1285 2816 1353 deman-

399 1390 729 1455 davimus:
773 1386 1126 1474 impensius
1167 1388 1597 1468 obsecrantes,
1638 1394 1713 1451 ut
1748 1387 2045 1468 celeriuS,
2084 1387 2235 1451 Deo
2278 1386 2471 1451 huius
2510 1385 2816 1451 animm

399 1490 754 1576 inspirante
774 1537 794 1570 ,
853 1487 1018 1550 hanc
1056 1487 1529 1574 Apostolorum
1572 1486 1890 1573 Principis
1936 1486 2192 1566 sedem,
2245 1485 2631 1573 praesertim
2680 1508 2813 1573 pro

409 1589 684 1653 diversis
727 1586 1239 1668 imminentibus,
1287 1594 1352 1651 et
1390 1586 1476 1651 ad
1518 1587 1903 1651 subventum
1942 1586 2324 1651 Provinciae
2370 1584 2662 1670 exigenti
2672 1588 2826 1669 bus,

407 1690 598 1755 simul
651 1696 716 1753 ct
755 1687 840 1752 ad
881 1686 1230 1773 Imperiale
1269 1686 1607 1751 servitium
1646 1686 2139 1774 respicientibus
2158 1736 2179 1768 ,
2240 1686 2322 1751 de
2365 1686 2659 1773 perfecta
2716 1710 2825 1751 or-

415 1788 738 1853 dinatione
783 1787 992 1853 Electi
1039 1786 1485 1873 Apostolieam
1542 1786 1767 1851 sedem
1813 1786 2118 1869 adornet,
2178 1794 2493 1871 quatenus
2542 1787 2711 1851 insit
2756 1788 2827 1851 in

414 1888 832 1977 Apostolicae
875 1885 1048 1951 sedis
1093 1887 1390 1973 specula,
1435 1886 1549 1971 qui
1594 1895 1661 1951 et
1702 1886 1943 1951 Christi
1987 1897 2175 1973 regat
2212 1886 2609 1968 Ecclesiam,
2656 1910 2825 1973 gre-

407 2010 690 2074 gemque
731 1986 1201 2051 rationabilium
1253 1986 1595 2051 salubriter
1642 1986 1977 2075 dispenset
2020 1987 2233 2051 ovium
2254 2034 2273 2070 ,
2330 1996 2397 2051 et
2442 2010 2561 2075 pro
2610 1990 2821 2053 stabi-

404 2089 584 2153 litate
628 2110 664 2151 a
703 2088 852 2151 Deo
897 2086 1140 2151 decreti
1189 2086 1460 2151 Romani
1504 2086 1813 2173 Imperii,
1870 2088 2321 2173 longaevaque
2378 2087 2695 2175 sospitate
2750 2114 2831 2153 ac

367 2198 772 2275 -temporum
835 2186 1288 2273 prosperitate‘
1319 2186 1635 2273 praedicti
1696 2186 1918 2251 eximii
1976 2187 2245 2253 Domini
2289 2186 2569 2251 Exarchi
2620 2188 2827 2253 inde-

403 2288 637 2353 sinenti
673 2308 868 2373 prece
915 2295 1168 2351 exoret.

569 2387 848 2453 Elabora
888 2387 1126 2472 itaque,
1169 2406 1577 2471 quaesumUS,
1622 2384 2020 2449 sanctissime
2064 2408 2139 2451 ac
2186 2386 2549 2451 beatissime
2587 2387 2826 2472 Pater,

401 2496 474 2552 ut
515 2510 660 2551 cum
702 2487 930 2550 harum
972 2485 1425 2574 portitoribuS,
1481 2484 1971 2550 veneratoribus
2016 2494 2082 2549 et
2126 2484 2277 2549 filiis
2313 2486 2547 2549 vestris
2566 2534 2585 2567 ,
2632 2488 2827 2573 apud

403 2588 762 2674 praefatum
837 2586 1193 2650 Dominum
1253 2586 1628 2650 Exarchum
1688 2584 2031 2673 impigrius
2094 2585 2487 2651 intervenias
2507 2636 2527 2669 ,
2590 2586 2825 2651 vicem

407 2687 654 2773 gratiae
700 2684 1000 2772 propriae
1049 2687 1238 2749 beato
1281 2685 1482 2749 Petro
1496 2734 1517 2768 ,
1562 2684 1795 2749 fautori
1840 2692 1983 2767 tue,
2027 2685 2335 2768 reddenS,
2379 2684 2661 2769 totisque
2713 2687 2819 2749 ni-

405 2787 582 2853 sibus
621 2786 999 2869 imminens,
1039 2794 1111 2850 ut
1154 2794 1408 2873 optatae
1455 2785 1905 2868 ordinationiS,
1953 2786 2101 2851 Deo
2146 2787 2433 2868 iubente,
2480 2786 2821 2850 accelere-

408 2897 512 2951 tur
557 2884 890 2971 negotium
908 2934 929 2967 ,
1001 2894 1311 2971 quatenus
1355 2886 1438 2949 de
1481 2886 1961 2973 praesularibus
2002 2895 2311 2973 paternae
2353 2893 2609 2949 vestrae
2650 2886 2821 2950 bea-

380 2986 706 3050 -titudinis
745 2984 1151 3049 adminiculis
1169 3034 1190 3068 ,
1235 2994 1300 3049 et
1339 2986 1503 3049 haec
1544 2984 1927 3073 Apostolica
1966 2984 2243 3049 laetetur
2284 3006 2357 3049 ac
2400 2985 2657 3049 exultet
2704 3008 2818 3051 ec-

405 3087 636 3168 clesia,
681 3094 748 3148 et
789 3107 908 3149 nos
949 3085 1302 3171 gratiarum
1343 3084 1629 3149 actiones
1671 3106 1973 3171 agamuS,
2020 3093 2087 3149 et
2130 3084 2356 3149 caritas
2402 3084 2819 3149 denominati

405 3186 672 3251 Domini
714 3186 916 3249 nostri
957 3184 1200 3267 Electi‚
1263 3186 1592 3270 futurique
1639 3184 2005 3272 Apostolici
2047 3184 2381 3251 Pontificis
2424 3184 2819 3271 opulentius

374 3344 377 3347 .
407 3308 566 3372 erga
605 3294 885 3351 vestram
923 3287 1364 3374 praesularem
1389 3284 1835 3352 'Sanctitatem
1880 3286 2204 3351 dilatetur.

1396 3436 1651 3501 Titulus
1690 3436 1811 3502 VI.

755 3553 857 3631 De
903 3553 1214 3619 electione
1258 3553 1604 3639 Pontvfieis
1648 3555 1741 3619 ad
1783 3552 2039 3619 Iudices
2086 3552 2455 3619 Ravennae.

572 3686 1173 3775 Superscripti
1194 3710 1252 3752 0.
1338 3688 1625 3753 Domino
1659 3686 2167 3753 eminentissimo
2201 3695 2267 3752 et
2294 3686 2479 3751 nobis
2508 3685 2579 3748 in
2610 3682 2823 3750 Chri-

407 3798 506 3855 sto
551 3788 766 3872 fratri,
833 3789 938 3855 Ill.
983 3788 1252 3855 Consuli
1266 3838 1287 3872 ,
1331 3789 1435 3854 Ill.
1480 3788 2035 3876 Archipresbyter
2048 3838 2069 3871 ,
2116 3796 2182 3851 et
2225 3786 2331 3852 IH.
2377 3785 2823 3851 Archidiaco-

407 3913 551 3973 nus,
590 3888 696 3954 Ill.
739 3888 1154 3955 Primicerius
1201 3888 1640 3973 Notariorum,
1690 3898 2021 3954 servantes
2063 3889 2277 3953 locum
2324 3896 2579 3952 sanctae
2626 3886 2826 3951 sedis

410 3989 850 4078 Apostolicae.

571 4088 648 4156 Si
703 4090 1040 4155 benefacta
1095 4088 1532 4155 saecularibus
1585 4087 1881 4176 impensa
1938 4088 2221 4175 negotiis
2278 4086 2477 4175 digna
2535 4084 2831 4151 minime

405 4189 847 4255 vicissitudine
892 4190 1375 4272 defraudantur,
1417 4189 1637 4253 nullus
1680 4189 1975 4276 profecto
2016 4198 2134 4273 est,
2178 4188 2289 4274 qui
2330 4187 2601 4271 dubitet,
2648 4188 2828 4272 quin

407 4310 518 4371 ea,
583 4310 746 4373 quae
798 4291 908 4376 pio
966 4290 1198 4355 intuitu
1251 4298 1690 4377 peraguntur,
1756 4298 2019 4355 aeterna
2058 4288 2229 4355 vitae
2274 4286 2825 4353 remuneratione

414 4389 873 4474 rependantur.

577 4488 768 4569 Quae
825 4512 970 4553 eum
1031 4491 1118 4555 ita
1157 4489 1319 4570 sint,
1383 4488 1539 4553 licet
1577 4486 1859 4574 inclytae
1903 4488 2308 4555 Eminentioe
2349 4498 2605 4555 vestrae
2652 4512 2828 4575 pro-
