2959 4984
418 305 525 362 5⁴24
596 301 888 360 Lxxxm.
964 301 1433 360 CONSTITUTIO
1470 303 1572 357 DE
1613 301 2282 358 APPELLATIONJBUS
2318 301 2386 356 A.
2427 301 2582 358 1742.

586 473 647 552 fi.
690 471 791 536 27.
876 469 1083 536 Prout
1124 469 1321 536 etiam
1368 470 1449 535 ab
1497 469 1832 555 examine,
1875 469 2337 558 approbatione
2358 520 2379 555 ,
2439 469 2549 534 vel
2589 489 2823 558 repro-

418 572 681 638 batione
720 569 1101 636 Patrimonii
1144 569 1354 654 Sacri,
1393 571 1738 638 Pensionis
1771 571 2301 657 Ecclesiasticae,
2342 579 2454 637 aut
2489 569 2827 650 beneficii,

413 673 631 759 quoad
682 670 979 739 Clericos
1018 672 1502 760 promovendos
1561 671 1646 737 ad
1689 669 1928 738 Sacros
1977 670 2304 754 Ordines;
2365 673 2557 756 juxta
2603 669 2827 757 dispo-

418 773 716 840 sitionem
748 772 1043 858 ejusdem
1086 769 1368 838 Concilii
1409 794 1567 838 sess.
1617 773 1720 838 21.
1763 773 1848 837 de
1885 773 2178 838 Reform.
2223 795 2361 861 cap.
2401 773 2460 836 2.

582 875 643 954 g.
684 873 787 938 28.
870 872 1040 938 Item
1082 871 1393 937 adversus
1430 873 1964 938 convocationem
2001 870 2334 960 Capituli,
2379 893 2572 956 quam
2623 872 2828 936 faciat

418 973 787 1063 Episcopus
828 972 913 1037 ad
956 972 1205 1058 aliquid
1251 973 1743 1039 deliberandum
1763 1025 1784 1058 ,
1831 982 1896 1038 et
1929 975 2122 1060 juxta
2161 983 2317 1038 vota
2360 971 2658 1062 ipsorum
2708 970 2826 1036 Ca-

418 1075 795 1164 pitularium
837 1071 1358 1138 concludendum
1377 1124 1397 1158 ,
1442 1073 1696 1159 quoties
1745 1073 1829 1139 de
1869 1096 1940 1138 re
1989 1073 2074 1138 ad
2117 1095 2307 1138 suum
2324 1124 2343 1158 ,
2405 1072 2516 1136 vel
2554 1095 2826 1137 suorum

420 1174 832 1242 commodum
872 1183 1209 1262 spectante
1266 1195 1398 1240 non
1438 1183 1716 1260 agatur3
1772 1175 1964 1259 juxta
2009 1173 2367 1239 Decretum
2413 1171 2604 1240 Sacri
2655 1169 2826 1237 Con·

418 1274 555 1340 cilii
598 1297 755 1340 sess.
795 1275 896 1340 25.
947 1274 1031 1340 de
1070 1273 1359 1340 Reform.
1400 1297 1539 1362 cap.
1587 1275 1645 1340 6.

588 1377 647 1456 ξ.
686 1377 789 1442 29.
872 1375 1040 1440 Item
1098 1399 1136 1438 a
1186 1375 1516 1442 Mandatis
1539 1424 1559 1458 ,
1616 1397 1728 1440 seu
1775 1375 2079 1440 Decretis
2139 1394 2339 1464 super
2393 1372 2828 1438 conversione

418 1475 650 1540 tertiae
694 1475 895 1563 partis
936 1475 1293 1559 fructuum,
1356 1483 1423 1540 et
1458 1495 2015 1560 quorumcumque
2055 1481 2526 1562 proventuum,
2601 1479 2676 1536 et
2721 1470 2822 1536 ob-

416 1575 813 1658 ventionum,
856 1583 988 1638 tam
1032 1573 1467 1660 Dignitatum,
1519 1594 1712 1659 quam
1749 1571 2280 1656 Canonicatuum,
2323 1571 2826 1651 Personatuum,
2932 1643 2933 1656 χ

419 1677 825 1764 portionum,
866 1686 935 1742 et
974 1675 1368 1759 officiorum,
1408 1677 1478 1740 in
1523 1675 2010 1740 distributiones
2055 1671 2462 1760 quotidianas
2488 1723 2509 1756 ,
2569 1693 2822 1736 earum-

428 1797 557 1861 que
612 1775 933 1842 divisione
990 1776 1164 1840 inter
1204 1775 1584 1863 Dignitates
1627 1775 1992 1840 obtinentes
2014 1825 2035 1858 ,
2102 1780 2170 1837 et
2225 1780 2514 1837 caeteros
2559 1769 2824 1836 Divinis

422 1873 907 1959 interessentes,
948 1873 1019 1939 in
1058 1873 1369 1939 Ecclesiis
1416 1883 1552 1939 tam
1593 1871 2091 1941 Gathedralibus
2108 1923 2128 1957 ,
2173 1892 2365 1958 quam
2416 1867 2823 1958 Collegiatis‚

418 1974 489 2041 in
526 1971 761 2058 quibus
802 1973 1021 2038 nullae
1072 1981 1223 2037 sunt
1262 1973 1754 2040 distributiones
1793 1971 2167 2058 hujusmodi
2211 1969 2629 2056 quotidianae
2652 2020 2673 2053 ,
2719 1967 2821 2032 vel

420 2073 511 2139 ita
564 2080 795 2138 tenues
807 2123 829 2156 ,
888 2080 963 2137 ut
1024 2073 1467 2139 verisimiliter
1519 2073 1982 2160 negligantur3
2042 2073 2231 2157 juxta
2275 2065 2821 2136 constitutionem

420 2174 717 2260 ejusdem
762 2169 1041 2238 Concilii
1085 2195 1241 2239 sess.
1285 2175 1387 2239 21.
1454 2174 1538 2239 de
1585 2175 1942 2242 Reformat.
1990 2195 2128 2262 cap.
2176 2173 2236 2238 3.
2281 2180 2350 2236 et
2390 2193 2549 2237 sess.
2585 2171 2696 2236 22.
2745 2169 2820 2234 si-

424 2273 665 2340 militer
708 2273 793 2340 de
834 2275 1059 2342 Refor.
1098 2298 1239 2364 cap.
1282 2277 1344 2342 3.

586 2376 647 2454 ξ.
690 2375 791 2440 30.
828 2429 838 2437 .
876 2375 1049 2440 Item
1080 2377 1389 2442 adversus
1434 2377 1821 2442 exercitium
1862 2375 2242 2442 facultatum
2265 2373 2612 2462 Episcopis
2650 2393 2816 2438 com·
2932 2381 2933 2394 ¹

420 2473 785 2560 petentium
826 2495 1027 2563 super
1068 2477 1457 2542 executione
1501 2475 1791 2542 omnium
1831 2475 2087 2564 piarum
2131 2473 2654 2562 dispositionum,
2695 2481 2819 2536 tam
2932 2513 2933 2536 ³

424 2570 497 2640 in
538 2570 768 2641 ultima
803 2575 1156 2660 voluntate,
1187 2595 1382 2660 quam
1422 2577 1594 2640 inter
1635 2575 1841 2658 vivos,
1873 2575 1956 2639 ‘in
1999 2574 2249 2639 casibus
2285 2597 2322 2638 a
2351 2573 2519 2640 Jure
2559 2593 2816 2638 conces·
2932 2581 2933 2590 ’

424 2671 534 2756 sis,
571 2674 761 2757 juxta
806 2672 1299 2762 dispositionem
1322 2674 1511 2744 Sacri
1531 2673 1814 2744 Concilii
1857 2695 2015 2741 sess.
2051 2675 2153 2740 22.
2179 2673 2262 2738 de
2283 2673 2575 2739 Reform.
2605 2670 2815 2760 cap.8.
2932 2679 2933 2692 ¹

592 2775 650 2852 ἓ.
688 2773 791 2840 31.
876 2774 1047 2840 Item
1100 2800 1139 2841 a
1179 2777 1569 2842 visitatione
1613 2777 2095 2866 Hospitalium,
2155 2774 2608 2861 Collegiorum
2667 2792 2815 2858 quo-

419 2892 885 2958 rumcumque,
944 2885 1011 2938 et
1062 2875 1684 2942 Confi-aternitatum
1745 2877 2137 2962 Laicorum,
2215 2877 2814 2960 Eleemosynarum,

421 2970 741 3038 Montium
782 2974 1089 3058 Pietatis,
1130 2977 1272 3040 sive
1320 2977 1690 3060 Charitatis,
1737 2988 1801 3043 et
1849 2979 2140 3043 omnium
2185 2975 2453 3041 Piorum
2494 2970 2809 3039 Locorum

422 3059 1027 3160 quomodocumque
1068 3086 1620 3163 nuncupatorum,
1689 3079 1939 3143 etiamsi
1983 3099 2210 3143 eorum
2257 3075 2434 3144 Oura
2475 3073 2560 3140 ad
2595 3073 2814 3138 Laicos

419 3173 764 3262 pertineat,
806 3182 918 3238 aut
964 3177 1399 3264 exemptionis
1421 3176 1782 3264 Privilegio
1823 3179 1952 3242 sint
1995 3176 2276 3243 munita:
2321 3174 2426 3240 Ac
2471 3173 2750 3259 denique
2780 3193 2811 3232 a
2932 3171 2933 3200 ³

424 3274 847 3359 cognitione,
904 3285 969 3340 et
1011 3279 1452 3362 exequutione·
1499 3297 1726 3343 eorum
1774 3277 2108 3361 omnium,
2161 3295 2326 3360 quae
2365 3272 2447 3338 ad
2489 3273 2622 3339 Dei
2667 3269 2812 3340 Oul-

424 3383 599 3457 tum,
659 3385 771 3440 aut
814 3377 1201 3442 Animarum
1238 3377 1514 3442 salutem
1529 3423 1550 3460 ,
1613 3398 1728 3443 seu
1775 3379 2110 3466 Pauper-es
2155 3373 2611 3442 sustentandos
2651 3369 2813 3438 insti-

422 3482 562 3540 tuta
604 3486 753 3542 sunt
788 3477 977 3561 juxta
1020 3477 1263 3542 dictum
1303 3477 1663 3543 Decretum
1690 3477 1878 3545 Sacri
1907 3475 2186 3544 Concilii
2231 3495 2387 3540 sesS.
2435 3473 2538 3538 22.
2589 3473 2673 3538 de
2701 3473 2812 3538 Re·

426 3574 616 3642 form.
666 3599 803 3664 cap.
848 3577 908 3643 8.

592 3681 653 3760 ξ.
698 3678 803 3742 32.
887 3677 1057 3743 Item
1100 3703 1141 3744 a
1180 3679 1519 3765 Decretis,
1581 3701 1697 3744 seu
1737 3676 2058 3744 Mendetis
2095 3675 2478 3764 cogentibus
2521 3671 2810 3738 Admini-

426 3784 735 3843 stratores
774 3787 905 3843 tam
942 3779 1453 3865 Ecclesiasticos,
1497 3801 1688 3866 quam
1729 3779 1964 3844 Laicos
1978 3829 1997 3863 ,
2052 3775 2246 3842 etiam
2289 3784 2632 3862 exemptos
2649 3824 2670 3859 ,
2710 3771 2811 3838 Fa·
2932 3855 2933 3862 ἵ

424 3876 647 3944 brieae
694 3879 973 3964 wjusvis
1016 3879 1389 3964 Ecclesiae,
1452 3881 1652 3946 etiam
1699 3876 2109 3948 Gathedralis
2126 3926 2145 3960 ,
2209 3874 2604 3963 Hospitalis,
2653 3873 2810 3942 Con·
2932 3885 2933 3968 ᾗ

428 3977 851 4043 fraternitatis
868 4028 887 4060 ,
932 3979 1409 4068 Eleemosynae
1430 4033 1449 4067 ,
1510 3980 1754 4047 Montis
1800 3977 2100 4062 Pietatis,
2162 3983 2228 4040 et
2271 3993 2812 4065 quorumcumque
2932 3973 2933 4058 ζ

424 4075 694 4142 Piorum
734 4077 1095 4165 Locorum,
1154 4079 1237 4144 ad
1294 4079 1700 4145 reddendam
1759 4077 2034 4164 singulis
2076 4077 2266 4142 annis
2303 4074 2429 4163 ipsi
2470 4071 2811 4141 Ordinatio
2932 4133 2933 4158 ᾖ

424 4173 743 4242 rationem
788 4199 943 4244 suae
989 4178 1562 4245 administrationis
1579 4230 1600 4263 ,
1644 4179 1768 4244 nisi
1813 4177 1993 4244 aliud
2035 4177 2106 4243 in
2147 4175 2572 4257 institutione,
2619 4181 2686 4240 et
2725 4194 2809 4238 or-

430 4274 763 4345 dinatione
804 4279 951 4344 talis
998 4279 1331 4346 Ecclesiae
1354 4331 1375 4364 ,
1415 4296 1531 4344 sen
1574 4275 1885 4344 Fabricae
1937 4297 2246 4366 expresse
2288 4281 2544 4340 cautum
2587 4275 2810 4352 fuerit3

420 4377 609 4460 juxta
646 4378 943 4444 Decreta
979 4378 1171 4446 Sacri
1198 4377 1476 4446 O-onciiii
1521 4399 1677 4444 sess.
1723 4381 1782 4443 7.
1825 4377 1908 4442 de
1937 4378 2225 4444 Reform.
2263 4398 2402 4463 cap.
2421 4375 2519 4440 15.
2565 4385 2635 4440 et
2670 4395 2808 4442 sess.

428 4474 531 4537 22.
577 4497 717 4560 cap.
758 4477 818 4538 9.
864 4485 931 4540 et
974 4497 1129 4542 sess.
1172 4478 1275 4541 25.
1322 4497 1482 4564 cape
1507 4478 1568 4542 8.
