2959 4984
433 257 548 312 292
707 258 956 308 XLVIII.
1027 257 1342 308 LITERAE
1381 255 1827 330 ARcfflpPlse.
1866 254 2296 308 VIENNENSIS
2335 255 2399 306 A.
2432 254 2593 308 1855.

435 419 945 488 rum-licentiam
985 417 1440 484 refrenandam
1499 418 1686 502 leges
1709 465 1728 500 ,
1758 483 1767 491 ,
1802 437 2072 501 quarum
2130 417 2455 490 districtae
2502 421 2829 485 cautiones

433 543 566 586 non
615 520 891 602 desunt,
959 518 1176 584 debito
1225 518 1456 603 vigore
1508 516 1877 582 executioni
1924 517 2315 581 mandentur
2368 527 2435 582 et
2477 520 2837 586 desiderio-

429 643 596 702 rum,
651 640 817 704 quae
861 627 1189 683 sacrorum
1226 617 1575 682 Antistites
1620 617 1745 680 hoc
1791 617 1873 680 dc
1918 618 2187 702 negotio
2235 620 2698 706 exposuerint,
2726 645 2837 685 ,ra-

431 719 519 784 tio
565 717 1066 804 diligentissime
1109 717 1438 782 habeatur.
1527 716 1735 782 Multa
1793 725 2008 782 tamen
2071 739 2193 803 pro
2236 739 2309 781 re
2352 728 2499 782 nata
2524 721 2839 786 cautione

391 823 398 827 ’
435 841 597 906 opus
643 827 774 901 est,
819 839 904 882 ne
953 819 1177 905 pejora
1219 817 1614 901 contingant.
1698 816 1777 880 In
1818 816 2152 903 plerisque
2196 817 2499 907 Europae
2542 822 2835 908 partibus

435 918 672 984 classes
715 918 908 982 animi
958 917 1245 982 cultioris
1285 926 1350 981 et
1393 916 1699 998 scientiae
1742 916 1939 980 laude
1968 917 2325 1001 gloriantes
2356 922 2582 984 morbo
2606 921 2835 988 intimo

438 1017 752 1099 laborant,
787 1038 991 1102 ‚quem
1035 1015 1270 1081 medici
1313 1016 1653 1104 prudentis
1700 1016 1985 1082 adinstar
2028 1026 2303 1082 tractare
2348 1029 2625 1107 oportet.
2702 1022 2837 1086 An-

429 1141 585 1182 num
625 1139 832 1202 usque
878 1117 1040 1182 1848
1094 1117 1163 1181 in
1207 1117 1476 1181 Austria
1520 1119 1945 1182 exercebatur
1986 1139 2257 1182 censura
2300 1121 2727 1205 praeventiva
2777 1131 2837 1185 et

431 1219 696 1300 quidem
744 1218 966 1303 rigore
1012 1217 1224 1304 plena.
1308 1217 1892 1302 Conqucrebantur
1910 1266 1929 1298 ,
1998 1217 2107 1301 qui
2146 1218 2450 1284 liberales
2494 1241 2565 1284 se
2608 1221 2835 1287 haberi

431 1321 746 1400 amabant,
794 1317 969 1402 quod
1014 1317 1438 1404 patrocinium
1484 1342 1521 1381 a
1568 1316 1907 1382 Gubernio
1949 1316 2280 1382 Ecclesiae
2324 1321 2679 1386 catholicae
2728 1345 2832 1386 ex-

428 1419 704 1483 hibitum
749 1440 974 1483 omncs
1004 1417 1164 1502 justi
1210 1427 1275 1482 et
1312 1417 1503 1502 aequi
1543 1417 1829 1481 tramites
1874 1417 2246 1482 excederet.
2321 1420 2577 1486 Revera
2618 1432 2832 1486 autem

433 1541 704 1584 censura
724 1567 743 1602 ,
819 1518 1024 1603 qualis
1069 1525 1223 1582 tunc
1265 1517 1599 1582 obtinebat
1621 1567 1641 1600 ,
1706 1518 1875 1583 malo
1933 1519 2417 1605 praeveniendo
2474 1521 2581 1585 vel
2626 1522 2830 1610 repri-

431 1620 669 1684 mendo
731 1619 939 1706 impar
983 1621 1174 1707 plane
1231 1627 1386 1684 erat.
1477 1618 1689 1683 Nimis
1753 1619 1880 1684 late
1939 1626 2167 1706 patent
2208 1619 2517 1686 Austriae
2558 1623 2729 1688 fines
2772 1634 2833 1688 et

433 1721 809 1785 innumerae
877 1729 1134 1806 praesto
1178 1727 1327 1783 sunt
1365 1727 1537 1782 artes
1559 1767 1578 1799 ,
1647 1718 1878 1802 quibus
1940 1718 2257 1806 inspectio
2301 1744 2338 1783 a
2381 1721 2603 1807 politia
2652 1745 2831 1788 exer-

435 1820 558 1884 cita
613 1819 927 1884 eludatur.
1016 1819 1230 1904 Igitur
1289 1818 1660 1905 bibliopolis
1718 1840 2049 1903 nunquam
2106 1818 2332 1894 deerat
2394 1822 2577 1910 copia
2634 1823 2831 1889 libros

433 1919 792 2006 prohibitos
834 1919 1205 2000 invehendi,
1254 1927 1319 1982 et
1355 1940 1484 2002 quo
1527 1918 1795 2004 gravius
1832 1927 2049 1982 essent
2085 1918 2433 2004 interdicti,
2476 1943 2555 1987 eo
2582 1924 2830 1988 avidius

431 2020 908 2103 quaerebantur
953 2027 1016 2082 et
1060 2018 1570 2105 perlegebantur
1587 2068 1607 2101 ,
1668 2041 1745 2082 eo
1790 2019 2017 2103 majori
2058 2019 2271 2106 pretio
2318 2019 2833 2088 divendebantur

427 2118 557 2200 ita,
615 2127 688 2181 ut
731 2118 842 2182 tali
881 2118 1298 2182 mercimonio
1325 2140 1608 2206 operam
1656 2118 1882 2184 dantes
1926 2118 2195 2183 mulctas
2222 2167 2241 2201 ,
2318 2122 2548 2206 quibus
2592 2123 2824 2211 depre-

429 2218 618 2282 hensi
658 2218 1072 2305 punirentur,
1137 2218 1324 2283 facile
1370 2222 1708 2306 praestare
1749 2227 2019 2304 possent
2057 2227 2123 2282 et
2164 2221 2535 2286 exultarent
2576 2234 2827 2288 extera-

425 2340 572 2383 rum
629 2318 912 2405 partium
954 2318 1242 2400 librarii,
1315 2318 1573 2404 quando
1622 2341 1783 2404 opus
1840 2339 2066 2382 eorum
2110 2320 2425 2385 sumtibus
2476 2323 2725 2388 editum
2765 2324 2828 2389 in

431 2418 698 2483 Austria
761 2419 1300 2506 proscriberetur.
1389 2419 1545 2484 Non
1599 2417 1828 2482 eadem
1878 2427 2095 2483 tamen
2146 2419 2213 2484 in
2268 2420 2511 2486 cunctis
2564 2421 2828 2509 Imperii

425 2518 717 2604 partibus
763 2541 986 2586 rerum
1029 2521 1310 2587 conditio
1355 2530 1470 2586 est.
1521 2522 1603 2587 In
1649 2521 1998 2587 ditionibus
2034 2523 2303 2587 Venetis
2350 2534 2415 2588 et
2456 2525 2825 2611 Langobar-

427 2618 585 2684 dicis
628 2620 876 2684 facilius
925 2628 1043 2702 est,
1087 2642 1432 2707 perversos
1475 2619 1676 2688 libros
1728 2622 2099 2704 excludere,
2143 2644 2336 2706 quam
2377 2623 2446 2687 in
2489 2623 2825 2691 Germani-

426 2718 536 2800 cis,
583 2719 814 2801 quibus
842 2728 938 2783 tot
976 2719 1342 2806 principum
1384 2722 1881 2806 protestantium
1929 2721 2211 2787 dominia
2256 2723 2469 2788 vicina
2510 2734 2679 2806 sunt,
2722 2726 2823 2788 vel

424 2817 493 2879 in
520 2816 858 2901 Hungaria
906 2827 974 2881 et
999 2818 1520 2903 Transsylvania,
1565 2822 1677 2886 ubi
1720 2832 1933 2888 tantus
1977 2823 2255 2888 habetur
2292 2825 2653 2890 incolarum
2684 2850 2818 2891 aca-

423 2915 810 2980 tholicorum
851 2937 1183 2980 numeruS.
1227 2918 1577 2984 Praeterea
1617 2921 1685 2984 in
1730 2921 1917 2986 Italia
1960 2925 2179 3005 multa,
2228 2946 2393 3008 quae
2436 2925 2506 2990 in
2552 2923 2818 2990 Germa-

428 3013 535 3076 nia
578 3012 863 3077 taedium
900 3014 1165 3104 jamjam
1209 3016 1499 3103 pariunt,
1564 3029 1789 3106 utpote
1846 3022 2203 3088 innumeris
2245 3024 2493 3090 vicibus
2536 3026 2822 3112 repetita,

369 3141 376 3146 ·
424 3134 594 3176 nova
631 3111 844 3178 adhuc
886 3123 1034 3178 sunt
1076 3124 1142 3180 et
1187 3118 1500 3202 majorem
1546 3120 1903 3185 seducendi
1948 3122 2083 3188 vim
2122 3135 2450 3190 exserunt.

587 3210 673 3275 X.
763 3214 1042 3296 Quando
1087 3216 1558 3282 ecclesiasticus
1599 3220 1700 3284 vir
1737 3244 1776 3284 a
1811 3221 2035 3306 judice
2086 3224 2398 3288 saeculari
2454 3225 2523 3289 in
2558 3225 2666 3309 jus
2710 3247 2813 3288 vo-

426 3320 606 3376 cetur
671 3321 940 3399 propter
1005 3315 1248 3382 crimen
1317 3340 1435 3382 seu
1505 3319 1815 3385 delictum
1871 3321 1953 3386 ad
2008 3322 2399 3409 religionem
2477 3323 2821 3410 pertinenS,

427 3410 603 3496 quod
650 3414 1030 3498 poenalibus
1075 3416 1341 3505 Imperii
1403 3420 1662 3505 legibus
1706 3421 2232 3486 animadvertitur
2258 3470 2277 3504 ,
2349 3422 2652 3508 Majestas
2699 3420 2825 3488 Sua

427 3510 878 3578 difficultatem
923 3536 1055 3578 non
1103 3517 1294 3599 facit,
1357 3527 1430 3581 ut
1481 3544 1520 3583 a
1584 3520 1890 3584 tribunali
1945 3520 2116 3585 civili
2181 3522 2427 3608 primae
2468 3521 2821 3603 instantiae,

425 3622 768 3699 antequam
809 3614 892 3680 ad
933 3616 1315 3679 sententiam
1355 3617 1695 3684 ferendam
1731 3621 2079 3708 procedat,
2150 3621 2479 3710 Episcopo
2530 3631 2669 3687 acta
2712 3643 2816 3687 ex-

425 3713 769 3780 hibeantur
814 3725 878 3780 et
920 3715 1062 3802 ipse
1104 3737 1288 3780 reum
1326 3719 1562 3802 audiat,
1615 3721 1953 3805 omniaque
1985 3728 2273 3809 peragat,
2319 3745 2483 3806 quae
2522 3723 2607 3786 ad
2648 3746 2817 3787 caus-

427 3837 566 3880 sam
598 3816 794 3899 juxta
837 3837 1110 3879 canones
1181 3819 1703 3901 cognoscendam
1758 3821 2195 3905 requiruntur.
2276 3823 2629 3909 Postquam
2672 3823 2815 3910 Epi-

425 3936 659 4003 scopus
703 3914 770 3978 in
808 3915 951 3980 soro
1015 3938 1134 3980 suo
1203 3918 1593 3984 sententiam
1650 3922 1913 4006 tulerit,
1984 3923 2281 3988 eamdem
2334 3922 2817 3988 communicabit

311 4041 318 4046 ·
423 4013 631 4097 judici
673 4014 1020 4095 saeculari,
1067 4015 1179 4099 qui
1225 4016 1499 4083 subinde
1547 4019 1629 4084 de
1672 4022 1841 4108 legis
1886 4021 2091 4088 civilis
2136 4024 2486 4089 violatione
2528 4024 2697 4110 legis
2740 4021 2817 4085 ci—

429 4112 582 4177 vilis
625 4113 706 4176 ad
747 4135 1040 4178 normam
1075 4115 1414 4200 judicabit.
2135 4181 2141 4188 .

598 4211 719 4276 XI.
808 4211 1118 4290 Ceterum
1161 4217 1412 4282 articuli
1451 4218 1670 4284 XIVti
1711 4219 1793 4284 de
1836 4220 2218 4288 clericorum
2268 4222 2509 4288 caussis
2556 4221 2815 4310 disposi-

427 4309 634 4374 tiones
677 4331 790 4374 eos
835 4313 1220 4401 respiciunt,
1269 4316 1378 4399 qui
1423 4341 1460 4381 a
1493 4317 1757 4402 judiciis
1814 4320 2156 4388 ordinariis
2224 4323 2635 4388 condemnati
2687 4323 2815 4386 fue-

424 4406 589 4488 rint3
637 4413 1054 4497 exceptiones
1099 4426 1437 4482 occurrant
1479 4438 1747 4484 necesse
1796 4431 1894 4486 est
1911 4469 1933 4503 ,
1979 4423 2091 4489 ubi
2134 4423 2219 4488 de
2270 4423 2539 4490 crimine
2584 4433 2817 4510 agatur,
