2959 4984
447 304 518 359 82
897 305 1015 355 xn.
1088 302 1451 355 smol-:3101
1494 304 1561 355 Π.
1601 299 2087 355 cous‘rt'ru‘rxo
2125 304 2188 354 A.
2225 299 2381 355 1220.
2473 275 2478 280 ’

450 474 780 553 peratores
805 464 1076 531 Romani
1115 472 1581 530 sacrosanctam
1627 464 1966 529 ecclesiam
2006 463 2347 553 multiplici
2390 463 2695 529 libertate
2736 462 2853 527 do-

448 566 679 647 tarint,
723 588 842 629 nos
873 564 1276 652 disponente
1316 564 1466 629 Deo
1491 612 1509 643 ‚
1552 587 1589 627 a
1632 585 1759 648 quo
1804 574 1903 629 est
1950 564 2161 629 omnis
2198 572 2505 653 potestas,
2544 562 2629 629 ad
2672 563 2853 627 fasti-

448 664 630 750 gium
675 664 967 730 culminis
1011 664 1362 752 imperialis
1408 664 1636 745 electi,
1682 686 1807 748 que
1849 665 1957 751 pie
2000 667 2079 731 ab
2109 663 2237 732 illis
2272 673 2339 729 et
2366 688 2405 728 a
2433 662 2851 729 sanctissimis

445 764 798 851 apostolice
861 764 1036 829 sedis
1080 764 1454 852 *presulibus
1503 786 1623 852 pro
1670 772 1837 829 statu
1888 763 2305 829 ecclesiarum
2350 774 2417 827 et
2460 762 2849 828 ecclesiasti-

449 886 672 929 corum
731 863 1018 929 virorum
1064 874 1210 931 sunt
1255 864 1464 947 edita,
1532 884 1917 929 conservare
1962 862 2260 927 volumus
2300 863 2681 929 inconcussa
2696 912 2719 945 ,
2788 870 2855 927 et

441 962 574 1029 illis
615 961 952 1044 contraria,
999 962 1164 1028 sicut
1201 962 1283 1027 ad
1321 984 1440 1028 nos
1484 971 1777 1049 spectare
1824 961 2199 1043 dinoscitur,
2246 972 2598 1050 amputare.
2682 960 2853 1027 Cum

447 1063 650 1150 igitur
692 1062 776 1127 ad
816 1084 1006 1127 aures
1053 1061 1453 1127 celsitudinis
1481 1071 1706 1127 nostre
1735 1062 2127 1148 perveniret,
2172 1060 2523 1133 nonnullos
2555 1069 2851 1125 vestrum

446 1162 749 1251 cupidine
816 1185 966 1228 ceca
1027 1162 1328 1227 seductos
1351 1211 1372 1245 ,
1459 1161 1741 1246 quedam
1801 1161 2180 1227 detestanda
2248 1160 2531 1227 edidisse
2614 1170 2854 1225 statuta

443 1263 912 1351 preiudicantia
952 1261 1380 1327 ecclesiastice
1423 1260 1705 1327 libertati
1746 1285 1819 1326 ac
1860 1260 2081 1327 divino
2128 1271 2195 1327 et
2233 1262 2514 1326 humano
2556 1258 2686 1323 iuri
2731 1263 2845 1325 ob-

446 1363 684 1429 viantia
705 1412 725 1446 ,
769 1360 1106 1427 manifeste
1149 1381 1268 1427 nos
1317 1381 1393 1424 ea
1437 1368 1739 1444 tanquam
1785 1359 1869 1425 de
1910 1360 2127 1426 radice
2170 1359 2502 1448 pravitatis
2555 1358 2849 1423 heretice

444 1460 890 1551 provenientia
909 1508 928 1540 ,
991 1459 1393 1549 presentium
1452 1460 1829 1525 auctoritate
1870 1483 2189 1527 cassamus
2207 1508 2229 1543 ,
2296 1462 2415 1527 sub
2456 1480 2625 1548 pena
2664 1461 2849 1525 mille

442 1584 800 1627 marcarum
845 1559 1196 1626 districtius
1237 1558 1605 1625 inhibentes
1622 1609 1643 1641 ,
1708 1581 1792 1625 ne
1834 1560 1943 1645 qui
1983 1570 2271 1627 vestrum
2313 1559 2445 1627 illis
2490 1561 2575 1625 de
2622 1570 2846 1627 cetero

439 1660 741 1725 inherere
795 1671 1210 1749 presumant,
1277 1670 1386 1725 aut
1443 1682 1671 1726 eorum
1715 1670 2021 1749 pretextu
2066 1661 2371 1727 ecclesias
2419 1668 2483 1726 et
2532 1662 2844 1727 eeclesia-

441 1759 636 1825 sticos
703 1759 878 1825 viros
937 1770 1160 1827 contra
1205 1760 1565 1827 sanctiones
1608 1760 1943 1827 canonicas
1990 1771 2056 1827 et
2097 1760 2425 1848 legitimas
2470 1761 2847 1846 molestare,

441 1861 818 1946 quinymmo
881 1882 958 1925 ea
1011 1861 1092 1924 de
1149 1861 1380 1925 vestris
1439 1859 1897 1948 capitularibus
1960 1882 2076 1927 seu
2134 1861 2469 1929 breviariis
2537 1872 2843 1947 tanquam

439 1961 608 2026 iusto
671 1960 908 2025 iudicio
971 1959 1440 2048 condempnata
1495 1960 1753 2048 penitus
1794 1961 2125 2027 abolentes
2151 2010 2173 2045 ,
2232 1961 2537 2027 ecclesias
2562 1970 2646 2046 ‚et
2694 1984 2844 2049 per-

439 2083 626 2125 sonas
671 2060 1131 2137 ecclesiasticas
1171 2060 1555 2148 permittatis
1596 2060 1847 2126 indulta
1887 2061 2008 2127 sibi
2049 2062 2349 2128 libertate
2392 2062 2685 2148 gaudere
2701 2112 2723 2146 ,
2790 2063 2844 2126 si

435 2161 630 2225 vultis
655 2182 890 2249 penam
905 2160 1200 2247 effugere
1230 2170 1635 2248 prenotatam
1666 2172 1731 2225 et
1758 2160 2275 2247 indignationem
2300 2162 2553 2251 regiam
2572 2162 2844 2227 evitare.

599 2262 752 2326 Dat.
815 2260 884 2325 In
941 2261 1162 2326 castris
1207 2260 1380 2348 apud
1441 2269 1731 2327 sanctum
1778 2260 2069 2327 Leonem
2119 2284 2287 2348 anno
2340 2262 2607 2329 Domini
2656 2262 2841 2327 1220.

435 2360 788 2427 indictione
831 2362 891 2427 9.
936 2371 1160 2428 octavo
1203 2362 1352 2428 Kal.
1398 2362 1667 2430 Octobr.

503 2575 659 2641 XII.
744 2575 1195 2643 Friderici
1237 2576 1326 2642 Π.
1387 2578 1934 2644 constitutio
1981 2579 2061 2644 in
2102 2571 2481 2647 basilica
2521 2581 2766 2647 beati

755 2682 760 2685 ·
1289 2676 1527 2741 Petri
1569 2700 1625 2741 a.
1674 2678 1836 2743 1220
1860 2679 1947 2765 ²⁸).

595 2821 966 2886 Fridericus
1007 2822 1138 2888 Dei
1181 2824 1390 2909 gratia
1429 2812 1871 2893 Romanorum
1914 2828 2265 2916 imperator
2309 2838 2375 2894 et
2416 2853 2678 2921 semper
2725 2856 2837 2898 au-

427 2930 673 3007 gustuS,
701 2920 988 3005 ducibus,
1017 2923 1511 3007 marchionibuS,
1554 2927 1910 3009 comitibus,
1941 2928 2313 3014 cunctisque
2358 2930 2616 3018 populis
2666 2954 2835 3016 quos

427 3020 766 3087 clementie
809 3030 1029 3087 nostre
1073 3022 1248 3111 regit
1287 3025 1652 3115 imperium,
1695 3028 1969 3093 salutem
2012 3038 2077 3093 et
2122 3028 2415 3115 gratiam.

595 3120 676 3184 In
743 3119 848 3184 die
906 3143 1030 3206 qua
1079 3122 1162 3186 de
1206 3146 1399 3189 manu
1439 3126 1854 3206 ‚sacratissimi
1899 3127 2102 3214 patris
2145 3129 2346 3192 nostri
2393 3130 2623 3195 summi
2667 3155 2834 3221 pon-

430 3218 617 3283 tificis
662 3221 1028 3309 recepimus
1068 3222 1325 3310 imperii
1369 3224 1723 3309 diadema,
1751 3227 2108 3292 curavimus
2149 3227 2232 3292 ad
2279 3228 2409 3293 Dei
2452 3239 2517 3293 et
2552 3226 2831 3297 ecclesie
2948 3292 2950 3301 .

429 3339 543 3383 sue
588 3320 902 3385 honorem
949 3322 1146 3387 edere
1193 3323 1501 3408 quasdam
1547 3325 1767 3411 leges,
1821 3349 1974 3412 quas
2025 3328 2314 3416 presenti
2356 3330 2597 3417 pagine
2640 3330 2830 3396 iussi·

427 3441 570 3484 mus
627 3422 958 3505 annotari,
1027 3444 1147 3511 per
1209 3433 1414 3490 totum
1458 3436 1751 3492 nostrum
1797 3420 2140 3516 imperium
2194 3430 2645 3519 publicandas,
2709 3452 2832 3519 per
2946 3414 2948 3429 Ι

424 3519 784 3609 imperialia
840 3522 1022 3587 vobis
1090 3523 1325 3612 scripta
1381 3526 1805 3615 precipiendo
1868 3528 2286 3614 mandantes,
2354 3532 2651 3616 quatinus
2720 3553 2826 3597 eas
2944 3548 2946 3551 ⁴

423 3621 693 3706 quisque
757 3619 826 3685 in
887 3643 1003 3685 suo
1065 3621 1354 3689 districtu
1411 3626 1952 3715 irrefragabiliter
1996 3638 2062 3693 et
2101 3630 2483 3697 inconcusse
2528 3632 2823 3697 servetis.
2941 3640 2947 3681 ³

422 3719 592 3814 Sunt
639 3730 850 3799 autem
896 3722 1023 3787 hee
1065 3720 1272 3809 leges.

589 3825 646 3886 1.
733 3821 846 3886 Ad
912 3822 1112 3888 decus
1181 3833 1247 3888 et
1312 3824 1616 3890 decorem
1675 3827 1932 3916 imperii
2000 3839 2080 3913 et·
2122 3830 2205 3895 ad
2245 3830 2507 3897 laudem
2550 3832 2824 3899 Romani
2937 3904 2939 3911 ,

416 3922 726 4012 principis
750 3924 949 3989 nichil
981 3925 1188 4012 magis
1226 3926 1486 3992 videtur
1525 3929 1858 4013 accedere,
1904 3952 2095 4015 quam
2133 3940 2207 3997 ut
2252 3934 2632 4021 expurgatis
2658 3956 2819 4021 quo·
2937 3920 2940 3981 ἶ

419 4022 692 4087 rundam
741 4024 1064 4090 erroribus
1112 4034 1178 4088 et
1219 4026 1457 4111 iniquis
1500 4030 1904 4113 quorundam
1952 4030 2198 4097 statutis
2245 4033 2505 4119 penitus
2551 4034 2819 4101 destitu-
2935 3984 2941 4125 J

419 4121 536 4203 tis,
607 4121 689 4186 de
750 4132 964 4189 cetero
1025 4126 1298 4191 ecclesia
1342 4128 1535 4215 plena
1582 4129 1799 4213 quiete
1841 4131 2092 4217 vigeat,
2160 4141 2225 4196 et
2266 4153 2493 4199 secura
2533 4134 2822 4221 gaudeat

426 4291 530 4298 ——u

609 4368 658 4437 *)
693 4368 780 4423 Ex
817 4369 1062 4425 editione
1111 4370 1261 4440 apud
1296 4370 1459 4428 Pertz
1492 4372 1628 4443 Leg.
1676 4374 1739 4429 T.
1777 4375 1847 4429 H.
1886 4394 1942 4445 p.
1980 4376 2103 4433 243.
2196 4378 2337 4434 Vide
2372 4378 2671 4435 Lehrbuch
2714 4381 2813 4437 des

421 4452 852 4509 Kirchenrechts
888 4462 936 4521 §-
979 4458 1099 4513 108.
