2959 4984
482 311 651 361 XXII.
723 311 1187 363 DEGLARATIO
1228 311 1439 362 CLERI
1485 309 1877 362 GALLIOANI
1915 311 1976 362 A.
2021 307 2178 362 1682.
2435 306 2540 362 127

337 473 565 539 XXII.
650 473 1177 538 Declaratio
1226 474 1437 538 cleri
1482 471 1918 540 Gallicani
1966 497 2021 538 a.
2073 437 2346 559 issw).

294 623 629 688 Ecclesiae
677 621 1052 690 Gallicanae
1112 623 1195 688 de
1214 631 1386 688 creta
1441 631 1506 686 et
1568 623 1899 687 libertates
1953 646 1990 686 a
2045 623 2394 688 maioribus
2434 644 2546 687 no-

121 725 274 788 stris
341 731 519 787 tanto
586 722 799 788 studio
870 731 1312 811 propugnatas
1341 773 1360 804 ,
1431 744 1790 808 earumque
1871 722 2290 789 fundamenta
2347 723 2543 788 sacris

125 823 507 890 Canonibus
556 832 621 886 et
659 822 926 888 Patrum
972 823 1319 887 traditione
1362 822 1559 904 nixa,
1620 822 1806 886 multi
1848 821 2106 887 diruere
2147 823 2537 904 moliuntur3

117 945 249 989 nec
296 911 576 1006 desunt,
650 923 759 1007 qui
802 943 1023 988 earum
1080 924 1348 987 obtentu
1406 922 1766 1011 primatum
1819 923 1989 986 beati
2031 922 2209 988 Petri
2273 924 2540 1008 eiusque

124 1022 604 1089 Successorum
642 1022 1082 1089 Romanorum
1128 1023 1520 1089 Pontificum
1567 1047 1604 1086 a
1663 1021 1931 1089 Christo
1974 1023 2332 1089 institutum
2360 1074 2380 1108 ,
2446 1025 2551 1088 iis-

124 1145 259 1208 que
305 1123 589 1188 debitam
634 1125 714 1188 ab
761 1125 1053 1188 omnibus
1081 1122 1461 1189 Christianis
1509 1123 1742 1189 obedie
1775 1124 1994 1206 ntiam,
2021 1121 2346 1210 Sedisque
2372 1124 2551 1213 Apo-

124 1224 399 1288 stolicae
421 1272 441 1306 ,
504 1223 571 1287 in
615 1246 741 1308 qua
777 1224 939 1288 fides
981 1225 1391 1312 praedicatur
1417 1275 1435 1306 ,
1485 1234 1551 1288 et
1588 1225 1800 1289 unitas
1847 1232 2139 1288 servatur
2193 1224 2546 1305 Ecclesiae,

125 1322 565 1388 reverendam
615 1324 909 1388 omnibus
955 1324 1260 1410 gentibus
1317 1325 1759 1407 maiestatem,
1837 1323 2220 1389 imminuere
2269 1348 2399 1388 non
2443 1347 2553 1388 ve-

128 1433 426 1488 reantur.
514 1412 841 1488 Haeretici
891 1447 1149 1509 quoque
1190 1425 1353 1489 nihil
1401 1425 1948 1512 praetermittunt,
1999 1447 2126 1510 quo
2174 1447 2314 1489 eam
2360 1434 2543 1513 pote-

132 1534 393 1603 statem,
440 1545 565 1608 qua
602 1547 735 1612 pax
774 1523 1107 1590 Ecclesiae
1152 1526 1550 1608 continetur,
1595 1525 1977 1590 invidiosam
2022 1535 2087 1589 et
2121 1547 2390 1612 gravem
2455 1546 2554 1587 re-

131 1623 333 1710 gibus
382 1632 450 1688 et
495 1624 753 1711 populis
800 1633 1168 1708 ostentent,
1238 1625 1445 1710 iisque
1507 1625 1842 1690 fraudibus
1907 1625 2232 1714 simplices
2290 1625 2553 1707 animas,

131 1727 213 1789 ab
243 1723 581 1789 Ecclesiae
616 1725 831 1789 matris
854 1723 1225 1810 Christique
1250 1726 1413 1790 adeo
1448 1726 1896 1791 communione
1929 1725 2310 1804 dissociem.
2361 1726 2546 1808 Quae

138 1833 215 1888 ut
258 1825 672 1890 ioeommoda
713 1827 1191 1914 propulsemus,
1237 1827 1375 1892 Nos
1416 1827 1910 1915 Archiepiscopi
1955 1836 2018 1891 et
2058 1826 2386 1916 Episcopi,
2429 1826 2549 1892 Pa-

133 1925 311 1991 risiis
359 1925 661 1990 mandato
713 1927 899 2012 regio
967 1928 1380 2013 congregati,
1438 1925 1799 1991 Ecclesiam
1847 1925 2246 1993 Gallicanam
2288 1951 2544 2018 reprae-

138 2034 506 2107 sentanteS,
574 2049 700 2090 una
742 2048 889 2090 cum
940 2028 1207 2091 caeteris
1254 2026 1724 2092 Ecclesiasticis
1764 2026 1919 2092 viris
1963 2029 2296 2093 nobiscum
2339 2029 2539 2117 depu-

134 2127 285 2190 tatis
310 2175 331 2209 ,
399 2125 697 2211 diligenti
763 2135 1035 2191 tractatu
1096 2127 1349 2209 habito,
1409 2129 1571 2194 haec
1627 2128 1970 2193 sancienda
2032 2138 2097 2192 et
2155 2129 2541 2195 declaranda

145 2247 295 2290 esse
334 2225 673 2290 duximus:

310 2344 366 2408 I.
452 2342 779 2408 Primum:
823 2345 1013 2409 beato
1056 2344 1255 2410 Petro
1296 2345 1562 2429 eiusque
1605 2343 2106 2411 Successoribus
2153 2343 2392 2409 Christi
2433 2345 2550 2410 Vi-

144 2445 333 2508 cariis
378 2443 634 2532 ipsique
678 2443 1007 2510 Ecclesiae
1049 2465 1267 2510 rerum
1311 2445 1738 2533 spiritualium
1783 2454 1849 2508 et
1886 2444 1968 2509 ad
2005 2453 2336 2510 aeternam
2379 2446 2544 2511 salu-

136 2555 275 2610 tem
313 2542 809 2632 pertinentium,
852 2567 984 2608 non
1028 2551 1244 2610 autem
1288 2544 1572 2609 civilium
1611 2567 1686 2610 ac
1727 2543 2216 2632 temporalium,
2275 2569 2312 2609 a
2347 2545 2538 2612 DEO

138 2645 447 2710 traditam
492 2652 919 2731 potestatem,
964 2643 1220 2708 dicente
1263 2645 1597 2710 Domino:
1661 2644 1995 2732 „Reynum
2041 2668 2244 2708 meum
2283 2668 2415 2708 uon
2460 2657 2552 2708 est

144 2746 223 2809 de
262 2745 389 2810 hoo
434 2743 711 2807 mundo“
783 2742 987 2828 (Ioan.
1024 2743 1283 2810 XVIII.
1330 2745 1459 2826 36.)
1533 2754 1600 2808 et
1651 2745 1928 2809 iterum:
1997 2743 2319 2825 „Reddite
2366 2769 2544 2831 erqo,

145 2834 523 2933 quae-sunt
578 2841 879 2907 Caesaris
930 2841 1239 2923 Caesari,
1302 2858 1360 2908 et
1402 2867 1564 2931 quae
1609 2858 1756 2908 sunt
1805 2841 1992 2908 DEI
2023 2842 2216 2909 1)Εο
2231 2847 2296 2924 ,·“
2363 2843 2548 2929 (Luc.

140 2944 299 3009 XX.
342 2942 475 3028 25.)
546 2966 621 3008 ac
687 2943 963 3032 proinde
1023 2953 1193 3009 stare
1258 2945 1683 3032 apostolicum
1741 2943 1948 3009 illud:
2019 2942 2286 3026 „Omnis
2327 2947 2548 3008 anima

136 3043 579 3132 potestatibus
641 3042 1125 3108 sublimioribus
1182 3043 1441 3108 subdita
1508 3046 1636 3108 sit:
1703 3069 1835 3108 uon
1895 3058 1988 3108 est
2044 3049 2212 3109 euim
2257 3059 2553 3131 potestas

142 3149 285 3210 nisi
316 3169 361 3208 a
390 3141 637 3207 'DEoz
681 3167 843 3231 quae
885 3157 1098 3208 autem
1137 3157 1307 3222 sunt,
1358 3169 1400 3207 a
1444 3141 1637 3208 ΠΕΟ
1687 3144 2030 3210 ordinatae
2073 3159 2242 3209 sunt.
2323 3143 2553 3234 Itaque

150 3247 269 3333 qui
298 3244 620 3330 potestati
657 3245 927 3323 resistit,
957 3242 1093 3307 Dei
1127 3243 1538 3308 ordinationi
1571 3247 1884 3308 resistit.“
1927 3245 2139 3330 (Rom.
2155 3245 2347 3311 XIII.
2363 3247 2438 3328 ,1.
2464 3245 2553 3330 2.)

144 3345 374 3430 Reges
422 3365 583 3429 ergo
628 3351 694 3406 et
734 3342 1071 3433 Principes
1114 3344 1182 3407 in
1225 3343 1690 3432 temporalibus
1733 3345 1894 3409 nulli
1937 3347 2405 3411 ecclesiasticae
2437 3369 2551 3434 po-

148 3445 369 3510 testati
408 3441 571 3511 DEI
629 3445 1029 3510 ordinatione
1091 3445 1351 3527 subiici,
1414 3467 1629 3530 neque
1683 3447 2057 3512 auctoritate
2115 3447 2389 3513 clavium
2430 3447 2552 3512 Ec-

149 3545 411 3628 clesiae,
456 3545 700 3610 directe
743 3546 852 3609 vel
892 3545 1230 3628 indirecte,
1276 3545 1534 3635 deponi,
1575 3555 1687 3612 aut
1725 3546 1988 3612 illorum
2021 3548 2310 3613 subditos
2356 3546 2554 3610 eximi

147 3670 185 3709 a
230 3645 368 3710 fide
416 3654 607 3731 atque
658 3646 1044 3729 obedientia,
1084 3668 1159 3710 ac
1202 3648 1509 3735 praestIto
1555 3647 1883 3713 fidelitatis
1914 3646 2334 3714 Sacramento
2382 3646 2552 3710 solvi

150 3767 386 3834 posse:
432 3767 701 3832 eamque
736 3747 1117 3812 sententiam
1143 3748 1439 3835 publicae
1480 3746 1922 3833 tranquillitati
1949 3746 2396 3826 necessariam,
2438 3765 2562 3809 nec

150 3846 367 3910 minus
412 3843 742 3912 Ecclesiae
790 3869 980 3932 quam
1023 3847 1296 3936 imperio
1341 3847 1606 3932 utilem,
1649 3858 1758 3932 ut,
1805 3850 2006 3913 verbo
2049 3846 2244 3929 DEI,
2288 3845 2554 3910 Patrum

151 3945 492 4012 traditioni
534 3956 599 4011 et
628 3945 1012 4012 Sanctorum
1060 3948 1377 4036 exemplis
1424 3971 1789 4031 consonam,
1835 3949 2094 4013 omnino
2131 3944 2554 4010 retinendam.

324 4044 417 4109 H.
506 4043 619 4110 Sic
664 4051 879 4111 autem
934 4045 1148 4113 inesse
1194 4049 1583 4135 apostolicae
1633 4046 1795 4114 Sedi
1855 4049 1934 4113 ab
1981 4045 2160 4111 Petri
2205 4043 2551 4112 Successo-

150 4147 333 4213 ribus
374 4143 621 4211 Christi
652 4147 929 4214 Vicariis
973 4171 1193 4214 rerum
1240 4148 1690 4238 Spiritualium
1731 4150 1991 4238 plenam
2031 4155 2436 4236 potestatem,
2483 4155 2558 4211 ut

154 4247 353 4312 simul
397 4247 659 4312 valeant
696 4256 888 4334 atque
932 4249 1198 4316 immota
1236 4251 1588 4316 consistant
1618 4258 1872 4314 sanctae
1910 4247 2362 4314 oecumenicae
2383 4245 2553 4332 Syn-

362 4490 419 4560 *J
456 4487 603 4544 Vide
635 4486 931 4543 Lehrbuch
966 4487 1064 4542 des
1096 4485 1530 4542 Kirchenrechts
1569 4491 1617 4550 §-
1654 4485 1772 4540 114.
