2959 4984
384 259 491 316 ωδ
562 262 703 316 XC!-
776 261 1237 316 DBcLARA'no
1270 261 1506 316 surr-R
1541 261 2022 316 MA'ramouns
2064 261 2310 314 umus
2349 264 2418 314 Δ.
2457 259 2616 314 1741.

394 427 585 514 logos
606 477 625 510 ,
672 423 905 511 quibus
946 423 1251 510 injunxit,
1292 434 1367 490 ut
1404 446 1548 493 rem
1591 431 1794 492 totam
1839 447 1920 490 ca
1961 446 2090 510 qua
2127 425 2322 494 dccet
2333 476 2354 511 ,
2419 427 2802 494 maturitate

389 525 811 606 discuterent,
852 545 1163 609 suamque
1212 521 1585 612 opinionem
1625 524 2018 611 proferrent.

550 626 611 706 §.
656 625 713 688 1.
794 623 896 692 At
936 623 1093 690 dum
1134 625 1299 690 haec
1336 623 1618 690 maxime
1645 634 2035 711 agerentur,
2079 625 2644 714 supersedendum
2669 648 2803 714 per

388 725 637 810 aliquot
674 723 941 790 Menses
996 725 1121 790 fuit
1162 725 1241 792 ab
1286 723 1654 790 istiusmodi
1701 723 1950 790 Causae
1995 726 2418 814 expeditione
2439 775 2460 810 ,
2517 734 2802 815 propter

394 823 799 906 viduitatem,
848 845 1017 912 quae
1056 823 1409 892 intercedit
1446 824 1775 892 Romanae
1817 825 2180 909 Ecclesiae,
2222 824 2435 892 donec
2471 827 2560 892 ad
2595 825 2802 892 Sum-

384 949 565 992 mum
624 925 1083 992 Pontificatum
1138 924 1421 990 feliciter
1476 934 1770 992 evectus
1803 924 2266 992 sanctissimus
2309 926 2402 992 D.
2442 926 2529 994 N.
2573 927 2798 994 Bene-

389 1027 599 1094 dictus
622 1024 811 1092 XIV.
850 1025 1021 1092 inter
1060 1025 1301 1113 primas
1335 1024 1700 1110 Regiminis
1745 1025 1846 1095 sui
1887 1048 2098 1109 curas,
2143 1024 2400 1094 Causae
2442 1026 2636 1112 hujus
2681 1049 2796 1092 co-

386 1127 749 1215 gnitionem
804 1126 1019 1214 repeti
1061 1126 1259 1210 jussit
1312 1148 1353 1190 a
1394 1135 1752 1192 memorata
1787 1123 1994 1192 Sacra
2038 1124 2572 1213 Congregafione
2616 1125 2796 1194 Con-

386 1225 543 1309 cilii,
585 1248 777 1311 quam
819 1225 1027 1292 voluit
1066 1248 1283 1292 coram
1324 1247 1397 1291 sc
1420 1225 1670 1308 haberi,
1709 1235 1804 1308 ut,
1841 1224 2078 1290 auditis
2107 1225 2796 1292 Eminentissimorum

386 1328 656 1393 Pati-um
694 1324 1075 1408 Sententiis,
1112 1325 1255 1414 ipse
1298 1324 1586 1410 demum,
1627 1325 1784 1411 quid
1825 1326 1950 1398 hac
1995 1325 2080 1393 de
2111 1347 2186 1390 re
2211 1327 2572 1392 tenendum
2597 1326 2792 1408 foret,

388 1449 694 1515 supremo
722 1449 839 1492 suo
872 1427 1331 1514 pronunciaret
1360 1426 1646 1492 oraculo,
1695 1423 1864 1492 Cum
1894 1427 2100 1514 igitur
2128 1423 2576 1514 Congregatio
2603 1447 2797 1515 prae-

388 1530 518 1594 fata
556 1529 677 1593 sub
721 1526 829 1592 die
873 1529 973 1592 13.
1016 1526 1175 1613 Maji
1220 1525 1544 1594 currentis
1583 1527 1736 1594 anni
1781 1525 1962 1592 1741.
2009 1549 2227 1592 coram
2259 1525 2624 1592 Sanctitate
2655 1525 2798 1592 Sua

388 1626 587 1694 fuerit
636 1627 891 1710 habita,
955 1626 1135 1692 idem
1174 1625 1636 1694 Sanctissimus
1685 1629 1772 1694 D.
1815 1627 1901 1694 N.
1963 1627 2170 1718 spatio
2213 1628 2434 1712 aliquo
2476 1626 2794 1715 temporis

388 1728 472 1792 ad
516 1749 659 1794 rem
692 1749 914 1794 secum
940 1727 1443 1816 expendendam
1468 1738 1765 1816 accepte,
1805 1729 1976 1794 hanc
2001 1750 2214 1816 nuper
2237 1727 2800 1810 Declarationem,

390 1839 457 1896 et
496 1827 1005 1898 Instructionem
1048 1829 1305 1896 exarari
1348 1829 1706 1916 praecepit,
1753 1851 1900 1915 qua,
1939 1829 2146 1894 veluti
2189 1837 2374 1896 certa
2409 1827 2665 1914 reg-ula,
2717 1850 2796 1892 ac

388 1949 647 2011 norma,
690 1949 915 1994 omnes
954 1929 1177 2016 Belgii
1222 1929 1572 1996 Antistites
1585 1978 1606 2012 ,
1653 1929 1932 1996 Parochi
1947 1978 1968 2012 ,
2015 1951 2372 2016 earumque
2413 1928 2793 2015 Regionum

388 2027 799 2110 Missiouarii,
850 2037 917 2094 et
937 2029 1186 2095 Vicarii
1214 2029 1584 2119 Apostolici
1628 2030 1946 2118 deinceps
1985 2030 2056 2097 in
2095 2028 2470 2115 hujusmodi
2508 2026 2801 2114 negotiis

391 2129 485 2194 uti
532 2127 831 2196 debeant.

558 2230 616 2310 §-
660 2230 721 2296 2.
806 2228 1031 2296 Primo
1077 2228 1360 2312 scilicet,
1422 2229 1602 2314 quod
1643 2229 1876 2295 attinet
1913 2231 1996 2296 ad
2037 2227 2452 2296 Matrimonia
2491 2230 2572 2296 ab
2615 2227 2802 2294 Hae-

394 2329 613 2396 reticis
652 2330 825 2396 inter
864 2352 939 2398 se
982 2331 1053 2396 in
1093 2328 1255 2396 locis
1290 2329 1810 2398 Foederatorum·
1837 2329 2164 2398 Ordinum
2205 2328 2494 2396 dominio
2535 2328 2800 2413 subjec-

392 2430 477 2496 tis
538 2431 865 2498 celebrata
883 2480 905 2513 ,
963 2455 1097 2499 non
1156 2440 1413 2498 servata
1454 2431 1666 2498 forma
1706 2453 1825 2520 per
1863 2430 2318 2498 Tridentinum
2365 2427 2799 2516 praescripta,

390 2531 551 2598 licet
576 2528 897 2600 Sanctitas
928 2530 1067 2600 Sua
1104 2553 1235 2596 non
1272 2531 1558 2617 ignoret,
1601 2531 1764 2598 alias
1805 2532 1876 2598 in
1917 2533 2176 2599 casibus
2218 2527 2608 2614 quibusdem
2643 2551 2803 2615 par-

391 2629 787 2716 ticularibus,
826 2641 895 2696 et
918 2632 1177 2700 attentis
1208 2641 1365 2698 tunc
1398 2632 1714 2720 expositis
1753 2632 2273 2715 circumstantiis,
2319 2628 2588 2699 Sacram
2617 2627 2800 2694 Con-

394 2731 855 2818 gregationem
884 2731 1165 2800 Concilii
1204 2756 1325 2820 pro
1366 2754 1594 2800 eorum
1637 2731 2042 2800 invaliditatc
2085 2732 2534 2822 respondisse3
2581 2751 2802 2818 aeque

392 2842 617 2901 tamen
674 2843 1083 2921 compertum
1144 2835 1391 2914 habens
1433 2833 1598 2898 nihil
1639 2833 1854 2902 adhuc
1905 2833 2270 2919 generatim
2288 2881 2308 2916 ,
2377 2839 2444 2898 et
2487 2829 2800 2896 universe

394 2951 593 3020 super
658 2933 979 3017 ejusmodi
1022 2933 1449 3000 Matrimoniis
1503 2933 1706 3000 fuisse
1769 2936 1850 3000 ab
1891 2933 2276 3020 Apostolica
2317 2931 2496 3002 Sede
2559 2931 2794 2996 defini-

394 3041 553 3114 tum,
598 3041 665 3096 et
702 3031 991 3116 alioquin
1036 3041 1339 3120 oportere
1380 3033 1644 3100 omnino
1685 3033 1770 3098 ad
1813 3033 2290 3102 consulendum
2325 3029 2643 3098 universis
2677 3030 2796 3098 Fi-

398 3133 651 3200 delibus
708 3133 779 3198 in
834 3132 913 3198 iis
968 3132 1133 3200 locis
1178 3132 1570 3220 degentibus
1589 3185 1609 3219 ,
1677 3144 1742 3199 et
1786 3134 1978 3220 plura
2017 3134 2372 3202 avertenda
2412 3131 2800 3220 gravissima

392 3233 838 3315 incommoda,
910 3231 1065 3318 quid
1109 3234 1506 3319 generaliter
1549 3234 1632 3301 dc
1678 3234 1861 3300 hisce
1906 3233 2336 3300 Matrimoniis
2375 3231 2796 3300 sentiendum

396 3334 515 3416 sit,
558 3333 927 3417 ,declani-03
990 3333 1257 3420 negotio
1304 3342 1558 3400 mature
1602 3355 1950 3424 perpenso,
1997 3334 2422 3418 omnibusque
2463 3333 2796 3400 rationum

398 3435 743 3503 momentis
784 3434 937 3500 hinc
980 3434 1133 3500 inde
1170 3433 1403 3502 sedulo
1444 3433 1728 3515 libratis,
1789 3433 2144 3500 declaravit
2163 3485 2182 3518 ,
2223 3433 2606 3517 statuitque,
2651 3433 2800 3498 Ma-

396 3536 701 3602 trimonia
753 3534 823 3600 in
868 3534 1055 3602 dictis
1100 3533 1157 3600 F
1158 3534 1479 3602 cederetis
1523 3534 1768 3622 Belgii-
1787 3534 2152 3602 Provinciis
2193 3534 2366 3603 inter
2405 3532 2799 3600 Haereticos

398 3657 606 3721 usque
632 3637 825 3702 modo
858 3645 1215 3720 contracta,
1258 3657 1556 3720 quaeque
1581 3635 2008 3724 imposterum
2037 3636 2518 3718 contrahentur,
2543 3633 2802 3700 etiamsi

400 3739 609 3802 forma
652 3761 691 3802 a
714 3735 1101 3802 Tridentino
1142 3735 1544 3825 praescripta
1585 3757 1717 3800 non
1757 3735 1955 3803 fuerit
1999 3736 2068 3802 in
2105 3735 2186 3800 iis
2225 3733 2628 3802 celebrandis
2653 3755 2799 3800 ser·

398 3847 567 3920 vata,
592 3837 947 3904 dummodo
972 3836 1149 3902 aliud
1177 3859 1309 3902 non
1332 3835 1654 3905 obstiterit
1675 3835 2053 3904 canonicum
2082 3835 2634 3923 impedimentum,
2669 3857 2800 3921 pro

399 3938 633 4004 validis
662 3937 959 4004 habenda
982 3958 1123 4002 esse
1148 3962 1165 4020 ς
1190 3936 1515 4021 Adeoque
1563 3936 1616 4002 si
1659 3935 2014 4022 contingat,
2051 3944 2398 4020 utrumque
2423 3933 2800 4020 Conjugem

403 4039 485 4102 ad
514 4035 888 4104 Catholicae
912 4035 1252 4105 Ecclesiae
1282 4037 1496 4105 sinum
1531 4058 1600 4102 sc
1628 4036 1949 4123 recipere,
1969 4035 2226 4118 eodem,
2255 4055 2384 4118 quc
2409 4044 2614 4116 antea,
2630 4057 2800 4102 ›con-

392 4137 605 4222 jugali
618 4137 876 4205 vinculo
898 4137 1075 4224 ipsos
1092 4138 1355 4208 omnino
1386 4137 1621 4220 teneri,
1641 4135 1892 4203 etiamsi
1910 4146 2169 4208 mutuus,
2187 4156 2544 4206 consensus
2575 4156 2802 4202 coram

400 4235 695 4302 Parce-ho
728 4236 1069 4304 Catholico
1110 4239 1189 4304 ab
1232 4239 1326 4302 cis
1368 4259 1502 4304 non
1542 4247 1892 4305 renovetur
1907 4261 1929 4318 ς4
1953 4237 2074 4306 Sin
2103 4244 2320 4303 autem
2355 4257 2522 4300 unus
2547 4243 2800 4301 tantum

404 4356 491 4398 ex
534 4333 941 4422 Conjugibus
955 4385 975 4418 ‚
1024 4337 1162 4400 sive
1206 4337 1555 4419 MasculuS,
1601 4337 1738 4402 sive
1785 4336 2118 4418 Foemina,
2157 4343 2592 4420 convertatur,
2636 4357 2799 4402 neu-

403 4441 572 4496 trum
612 4455 827 4518 posse,
854 4435 1159 4516 quamdiu
1180 4436 1347 4502 alter
1370 4447 1706 4524 superstes
1726 4436 1871 4523 erit,
1911 4436 1998 4504 ad
2025 4436 2182 4502 alias
2207 4434 2464 4522 nuptias
2499 4436 2797 4505 transire.
