2959 4984
403 289 494 341 VI.
571 284 870 337 REGULA
907 280 1444 337 offlz'onoeanm
1481 284 1809 339 13918001’1
1844 285 2229 342 METENSIS.
2441 286 2511 341 39

147 452 330 537 gradu
387 450 772 534 consistunt,
831 458 942 515 aut
993 448 1208 513 lanam
1263 447 1440 513 unde
1484 448 1663 535 ipsos
1706 448 1965 515 sarciles
2008 448 2196 517 binos
2236 452 2307 517 in
2344 475 2515 521 anno

143 553 428 617 habeant:
495 560 566 615 et
621 551 736 617 ille
789 551 952 617 alius
1013 550 1228 615 clerus
1270 548 1715 633 unusquisque
1758 547 2073 634 singulos.
2172 549 2511 619 Camisiles

145 662 335 717 autem
393 651 708 739 accipiant
763 650 862 715 illi
928 649 1300 739 presbyteri
1339 657 1406 715 et
1445 648 1697 715 diaconi
1738 650 1921 713 annis
1966 648 2241 735 singulis
2284 652 2511 718 binost

147 752 491 817 subdiaconi
563 750 848 815 camisile
897 759 964 815 et
1007 748 1274 815 dimidio
1293 796 1316 831 ,
1383 756 1449 813 et
1486 748 1584 813 illi
1628 748 1739 832 qui
1778 748 1847 815 in
1888 749 2157 835 reliquis
2198 750 2509 835 gradibus

146 862 304 933 sunt,
361 849 674 936 singulos.-
764 848 1213 915 Calceamenta
1270 869 1428 929 vero
1473 847 1685 913 omnis
1748 848 1959 913 clerus
2004 851 2185 915 annis
2228 852 2505 939 singulis

141 952 326 1038 pelles
367 950 660 1017 baccinas
685 948 736 1032 ¹)
781 948 1136 1036 accipiant;
1179 947 1348 1013 solas
1373 946 1426 1030 ²)
1471 947 1651 1035 paria
1690 958 1981 1032 quatuor.

288 1050 388 1115 De
441 1050 628 1135 ligna
670 1048 1218 1113 consideravimus
1235 1096 1256 1129 ,
1323 1055 1396 1112 ut
1439 1046 1525 1111 de
1568 1055 1841 1131 quatuor
1880 1048 2077 1115 libras
2124 1048 2513 1117 dedenarios

144 1150 391 1238 possint
407 1170 785 1237 comparare
829 1148 1008 1232 ligna
1053 1146 1450 1211 sufficienter
1475 1156 1543 1211 et
1564 1169 1821 1211 annum.
1864 1146 2019 1235 Ipsa
2043 1149 2225 1233 ligna
2254 1148 2335 1213 de
2362 1147 2513 1215 illos

139 1250 388 1314 tellones
404 1298 425 1331 ,
481 1248 658 1334 quod
705 1248 800 1311 eis
837 1246 908 1311 in
953 1246 1246 1328 civitate,
1287 1246 1452 1311 vel
1432 1270 1505 1311 m
1541 1245 1814 1311 villabus
1860 1256 2039 1329 sunt,
2086 1247 2215 1313 sint
2256 1268 2509 1335 compa·
2554 1254 2565 1263 ’

143 1358 294 1414 rata:
337 1349 462 1414 hoc
505 1357 622 1430 est,
667 1356 939 1432 quatuor
971 1346 1178 1411 librae
1203 1345 1290 1411 ad
1317 1346 1446 1413 hoc
1471 1346 1823 1411 mittantur.
1862 1345 1951 1411 Et
1974 1345 2293 1413 Kalendis
2323 1346 2509 1413 Maiis

138 1449 328 1537 ipsum
367 1448 725 1513 telloneum
761 1446 1092 1534 accipiant,
1135 1455 1202 1511 et
1240 1455 1392 1511 tunc
1431 1446 1576 1533 ipsa
1614 1446 1795 1532 ligna
1820 1456 2212 1534 comparent.
2252 1445 2341 1513 Et
2364 1446 2509 1513 illas

141 1570 352 1637 cappas
372 1598 393 1631 ,
453 1557 522 1612 et
575 1546 728 1611 illos
770 1544 1070 1628 sarciles,
1137 1554 1203 1609 et
1239 1546 1354 1611 illa
1401 1546 1831 1611 calceamenta
1872 1546 1957 1611 de
1994 1545 2145 1613 illos
2188 1547 2515 1619 telloneos

142 1647 411 1734 superius
465 1646 833 1713 nominatos
893 1645 1070 1730 quod
1115 1645 1354 1712 exinde
1397 1654 1697 1733 superat,
1772 1656 1837 1711 et
1882 1646 1965 1711 de
2004 1647 2119 1713 illo
2164 1645 2507 1728 calciatico,

141 1747 296 1829 quod
332 1747 444 1813 ille
487 1747 830 1835 episcopus
871 1746 1051 1811 annis
1091 1746 1364 1831 singulis
1405 1745 1490 1811 ad
1530 1746 1718 1811 illum
1758 1746 2005 1811 clerum
2043 1746 2326 1811 reddere
2356 1768 2505 1811 con·

140 1846 358 1928 suevit3
403 1854 468 1909 et
515 1846 598 1909 de
645 1866 870 1911 eorum
913 1845 1332 1931 eleemosyna
1371 1845 1549 1930 quod
1590 1845 1673 1909 ad
1713 1846 1929 1933 ipsum
1970 1847 2219 1911 clerum
2258 1846 2503 1933 specia-

137 1944 269 2009 liter
311 1946 491 2011 Deus
541 1943 817 2026 dederit,
863 1944 990 2009 sint
1032 1954 1415 2032 comparata.
1502 1945 1591 2011 Et
1634 1945 1687 2011 si
1730 1945 1976 2030 aliquid
2023 1945 2261 2011 exinde
2306 1944 2507 2011 fuerit

143 2044 300 2109 aliud
341 2044 516 2131 quod
561 2044 654 2109 eis
697 2065 968 2109 necesse
1009 2054 1108 2109 est
1147 2054 1539 2132 comparent,
1582 2055 1693 2111 aut
1734 2046 1803 2111 in
1844 2067 2067 2111 eorum
2110 2067 2363 2111 camera
2400 2066 2501 2110 re—

148 2144 419 2211 condant.
459 2143 554 2210 Es
593 2144 650 2208 si
691 2142 936 2209 ibidem
977 2143 1060 2207 ad
1099 2144 1225 2209 hoc
1267 2145 1768 2233 comparandum
1810 2144 2209 2211 sufficienter
2232 2168 2365 2211 non
2388 2144 2501 2209 ha-

139 2242 392 2325 buerint,
433 2244 549 2309 ille
592 2244 931 2332 episcopus
972 2245 1099 2309 hoc
1135 2245 1513 2332 praevideat
1554 2254 1621 2310 et
1662 2247 1886 2328 mittat,
1930 2245 2105 2310 unde
2142 2244 2270 2310 hoc
2298 2254 2503 2310 totum

141 2340 540 2429 adimpletum
563 2344 647 2409 sit
672 2343 756 2409 ad
779 2365 1004 2408 eorum
1023 2344 1493 2428 necessitatem,
1516 2345 1703 2411 sicuti
1727 2344 2023 2433 superius
2052 2344 2361 2432 scriptum
2386 2353 2501 2409 est.

281 2441 428 2529 Ipsa
471 2452 689 2507 autem
732 2442 1153 2526 vestimenta,
1197 2444 1340 2507 illas
1389 2465 1622 2531 cappas
1637 2493 1658 2526 ,
1706 2453 1772 2507 et
1816 2442 2099 2525 sarciles,
2146 2443 2231 2507 ad
2273 2443 2499 2507 transi·

136 2546 261 2603 tum
311 2542 507 2609 sancti
549 2542 810 2607 Martini
869 2542 1214 2630 accipiant:
1277 2542 1424 2607 illos
1487 2543 1838 2626 camisiles,
1900 2542 2131 2628 viginti
2170 2542 2311 2607 dies
2350 2551 2504 2629 post

133 2639 362 2707 Pascha
394 2641 748 2730 accipiant:
792 2642 906 2706 illa
949 2642 1360 2707 calciamenta
1401 2641 1721 2707 Kalendis
1754 2640 2161 2731 Septembris
2200 2642 2499 2707 habeant.

133 2738 212 2802 Et
241 2741 291 2804 si
329 2741 560 2825 aliquis
607 2763 694 2807 ex
733 2741 877 2829 ipso
919 2742 1092 2807 clero
1139 2741 1222 2805 de
1265 2740 1538 2813 ecclesia
1577 2742 1701 2807 tale
1738 2742 2125 2808 beneficium
2164 2750 2499 2830 acceptum

131 2837 202 2901 ab
254 2840 550 2928 episcopo
613 2840 852 2922 habet3
917 2849 990 2904 ut
1045 2839 1282 2906 exinde
1321 2842 1529 2929 possit
1564 2865 1912 2932 procurare
1961 2842 2323 2908 necessaria
2362 2863 2495 2925 sua,

131 2934 192 3001 id
229 2948 337 3022 est,
377 2962 611 3028 cappas
662 2950 728 3005 et
769 2940 1214 3006 calceamenta.

529 3120 687 3212 Cap.
727 3122 946 3189 XXX.
1033 3120 1136 3188 De
1160 3121 1637 3211 festivitatibus
1681 3138 2068 3189 sanctorum.

279 3256 454 3321 Illud
497 3257 794 3323 intimare
835 3258 1252 3347 complacuit,
1295 3268 1367 3323 ut
1407 3282 1528 3325 nos
1575 3268 1640 3324 et
1682 3260 1893 3325 clerus
1932 3266 2152 3323 noster
2192 3256 2497 3322 festivita-

135 3352 284 3419 tibus
322 3356 631 3441 Domini,
702 3368 768 3422 et
822 3368 1076 3423 sanctae
1117 3358 1401 3443 Mariae,
1469 3359 1578 3425 vel
1620 3358 1964 3423 duodecim
2005 3358 2496 3446 Apostolorum,

131 3472 232 3519 seu
289 3465 352 3520 et
387 3456 792 3543 reliquorum
834 3468 1199 3523 sanctorum
1222 3508 1244 3543 ,
1309 3482 1468 3545 quas
1522 3482 1679 3524 usus
1737 3468 1837 3523 est
1893 3459 1964 3523 in
2000 3458 2123 3522 ista
2165 3457 2497 3546 provincia

132 3554 292 3619 annis
329 3558 601 3644 singulis
651 3559 1012 3640 celebrare,
1076 3559 1144 3623 in
1183 3569 1491 3644 quantum
1532 3560 1719 3625 Deus
1763 3558 2255 3646 possibilitatem
2296 3556 2494 3625 dede-

133 3652 221 3734 rit,
259 3654 416 3720 illud
461 3657 747 3723 officium
796 3657 1232 3723 divinum‘dje
1278 3667 1601 3744 noctuque
1646 3660 1859 3723 facere
1906 3678 2348 3745 procuremus.
2406 3656 2494 3721 Et

137 3753 450 3843 episcopus
511 3757 581 3822 in
605 3757 659 3839 ³)
723 3756 1073 3823 Nativitate
1150 3758 1422 3826 Domini
1446 3756 1500 3843 4)
1522 3807 1543 3841 ,
1612 3767 1679 3822 et
1736 3758 1986 3823 Pascha
2046 3755 2313 3821 Domini
2333 3804 2353 3837 ,
2422 3756 2495 3821 in

137 3850 302 3919 domo
339 3856 497 3943 ipsis
541 3856 793 3921 clericis
835 3857 1256 3925 refectionem
1297 3858 1521 3939 faciat,
1591 3859 1646 3924 si
1686 3858 1769 3923 ad
1811 3879 2120 3947 praesens
2164 3865 2292 3937 est3
2336 3865 2401 3920 et
2440 3855 2495 3921 si

300 4101 352 4167 1)
394 4104 468 4154 al.
507 4098 784 4155 vaccinas.
969 4099 1022 4169 ἓ)
1057 4102 1132 4153 al.
1173 4100 1366 4167 soleas,
1407 4100 1538 4155 Add.
1582 4105 1723 4171 only.
1760 4100 1839 4155 Et
1876 4099 2211 4169 vestimenta
2241 4099 2302 4152 in
2335 4102 2487 4155 tran-

133 4180 274 4237 sitnm
303 4186 482 4241 sancti
507 4186 770 4253 Martini,
815 4189 874 4241 et
903 4186 1196 4257 campsiles
1231 4187 1294 4243 in
1330 4187 1576 4257 Pascha,
1626 4192 1685 4242 et
1718 4188 2095 4245 calceamenta
2134 4186 2195 4241 in
2227 4186 2485 4241 Calendis

135 4267 518 4339 Septembribus
550 4273 808 4329 habeant.
847 4276 994 4340 Quae
1027 4294 1154 4328 vero
1193 4277 1261 4329 ad
1297 4277 1448 4346 liqna
1485 4280 1773 4346 pertinent,
1816 4278 2013 4329 omisit.
2213 4273 2267 4343 3)
2306 4278 2381 4329 al.
2401 4276 2491 4329 vel

134 4357 210 4423 qui
239 4361 334 4415 sub
369 4378 435 4415 eo
473 4364 580 4415 est.
803 4360 862 4421 4>
900 4364 972 4416 al.
1013 4365 1073 4415 et
1107 4358 1419 4431 Epiphania
1455 4368 1514 4417 et
1548 4362 1761 4417 Pascha
1796 4367 1855 4417 et
1890 4364 2076 4418 clauso
2108 4360 2353 4416 Paschae
2374 4401 2388 4429 ,
2427 4366 2485 4417 et

133 4440 436 4503 Ascemione
465 4446 694 4501 Domini
726 4451 785 4502 et
799 4446 1128 4503 Pentecoste
1157 4453 1214 4502 et
1243 4448 1643 4503 festivitatibus
1666 4455 1983 4505 sanctorum
1998 4449 2317 4519 provinciae
2340 4467 2486 4505 suae.
