2959 4984
999 1321 1624 1412 PRAEFATIO.

1171 1579 1467 1592 —-———-—

290 1819 379 1900 In
437 1816 898 1904 collectione
959 1813 1110 1901 hae
1167 1817 1498 1902 fontium
1572 1816 1760 1904 iuris
1840 1817 2336 1903 ecclesiastici
2393 1816 2513 1900 in-

135 1967 510 2054 stituenda
574 1968 868 2078 duplex
954 1965 1147 2052 mihi
1225 1968 1714 2078 propositum
1806 1968 1949 2052 fuit
1972 2033 1991 2069 ‚
2100 1969 2224 2053 cui
2284 1968 2517 2054 etiam

129 2120 306 2204 duae
387 2121 560 2206 eius
639 2127 896 2230 partes
981 2119 1487 2230 respondent.
1619 2122 1715 2206 In
1787 2120 2043 2231 priore
2125 2130 2343 2232 parte
2426 2149 2517 2206 ea

129 2279 614 2356 monumenta
678 2270 1120 2379 colligenda
1180 2297 1352 2357 esse
1420 2270 1633 2373 duxi,
1712 2298 1910 2378 quae
1970 2274 2071 2356 ad
2139 2269 2505 2358 historiae

125 2419 286 2508 iuris
365 2421 716 2506 canonici
799 2422 1148 2509 studium
1224 2428 1581 2506 accurate
1658 2421 2225 2508 instituendum
2309 2423 2515 2508 eius·

125 2599 258 2679 que
341 2574 877 2682 cognitionem
953 2575 1569 2685 promovendam
1654 2581 1789 2657 aut
1877 2573 2312 2660 necessaria
2382 2582 2515 2658 aut

123 2724 375 2809 saltem
437 2726 852 2813 utilissima
929 2719 1149 2828 sunt,
1239 2752 1574 2834 quorum
1651 2733 1915 2810 autem
1968 2726 2513 2811 adeundorum

121 2874 289 2962 iuris
356 2878 729 2965 studiosiS
805 2877 1128 2986 aliisque
1204 2903 1493 2984 magna
1568 2876 1948 2961 librorum
2029 2876 2507 2986 supellectile

122 3021 316 3112 haud
371 3028 768 3116 instructis
835 3056 1007 3113 raro
1067 3029 1288 3140 copia
1347 3036 1489 3114 est.
1582 3029 1679 3112 In
1736 3036 1949 3113 tanta
2004 3027 2275 3112 talium
2335 3055 2504 3113 mo-

123 3189 660 3266 numentorum
721 3183 1078 3266 ubertate
1157 3189 1235 3265 et
1293 3181 1658 3266 varietate
1724 3179 2053 3266 difficilis
2118 3208 2303 3266 sane
2367 3181 2505 3264 de-

42 3385 44 3394 ·
120 3325 347 3416 lectus
407 3331 552 3416 fuit
585 3396 605 3435 ‚
685 3334 941 3442 deque
1005 3332 1578 3446 opportunitate
1642 3359 1913 3417 eorum
1986 3360 2184 3441 quae
2245 3333 2503 3443 recepi

122 3505 456 3592 quaeque
523 3485 747 3571 omisi
818 3484 1213 3595 disputare
1274 3484 1477 3570 licet.
1614 3485 1759 3570 Ast
1813 3483 2165 3596 inprimis
2227 3513 2503 3571 curan-

123 3631 304 3715 dum
355 3635 518 3739 fuit,
583 3664 683 3720 ne
745 3635 1095 3721 collectio
1154 3636 1485 3722 instituti
1543 3637 1739 3724 fines
1804 3637 2219 3722 excederet
2276 3636 2505 3721 nimi-

119 3809 385 3892 amque
441 3787 524 3872 in
581 3788 872 3872 molem
937 3797 1438 3876 excresceret.

273 3934 534 4022 Altera
592 3962 772 4049 pars
831 3939 1144 4025 uberior
1209 3941 1462 4028 fontes
1541 3940 1727 4027 iuris
1790 3939 2285 4028 ecclesiastici
2346 3936 2492 4025 ho-

119 4081 351 4170 dierni
422 4095 500 4172 et
554 4090 950 4177 novissimi
1011 4092 1376 4176 continet.
1477 4093 1815 4200 Magnus
1876 4119 2147 4177 eorum
2206 4120 2485 4177 nume-

117 4257 238 4320 rus
297 4237 452 4324 imo
509 4242 921 4351 postremis
982 4240 1104 4329 his
1168 4243 1651 4354 temporibus
1712 4244 2039 4352 prodiit,
2124 4243 2256 4352 qui
2318 4271 2498 4351 gra-

118 4383 448 4478 vissimas
526 4394 625 4476 de
703 4402 910 4480 statu
971 4394 1342 4482 ecclesiae
1427 4394 1750 4503 eiusque
1838 4423 2021 4480 cum
2094 4395 2495 4508 republica
