2959 4984
453 340 557 394 126
757 343 902 392 xxt.
979 341 1178 393 ORDO
1223 340 1683 393 CELEBRANDI
1728 340 2136 392 GENERALIS
2174 340 2509 391 commu.

462 528 583 594 pro
627 506 990 592 Evangelio
1014 556 1034 589 ,
1099 516 1166 571 et
1203 507 1558 595 imponitur
1602 532 1639 573 a
1681 506 1999 573 Pontifice
2042 510 2380 575 incensum
2422 531 2605 575 mor-e
2646 510 2853 590 solito,

457 616 524 671 et
564 614 851 672 cantatur
869 606 1300 693 Evangelium
1335 617 1708 697 competens
1748 609 1866 691 rei,
1911 610 1993 673 de
2040 632 2167 695 qua
2206 610 2439 696 agitur,
2486 632 2631 675 cum
2668 610 2853 675 lumi-

458 707 720 773 naribus
745 756 765 791 ,
829 717 896 772 et
947 708 1310 773 cerimoniis
1356 708 1679 773 consuetis
1706 758 1727 791 ,
1788 718 1855 773 et
1893 709 1962 773 in
2006 710 2136 775 fine
2178 710 2485 775 Pontifex
2534 711 2855 775 osculatur

456 805 695 871 librum
713 856 732 889 ,
781 816 848 871 et
887 807 1254 873 incensatur
1297 830 1478 873 more
1521 818 1847 873 consueto,
1930 808 2289 897 Presbyter
2334 808 2697 876 Cardinalis
2744 834 2847 897 pa-

457 915 636 971 ratus
683 930 828 971 cum
867 907 1135 995 pluviali
1194 909 1395 973 servit
1435 908 1735 989 Pontifici
1782 918 1849 973 et
1904 908 1989 975 de
2048 910 2251 993 libre,
2316 919 2381 975 et
2438 910 2521 975 de
2564 911 2853 975 navicula
2951 916 2952 921 ’

459 1006 754 1090 incensi,
811 1031 886 1071 ac
925 1008 978 1073 si
1021 1008 1329 1074 Pontifex
1369 1011 1773 1093 celebraret,
1842 1012 2025 1076 finito
2068 1012 2431 1099 Evangelio
2488 1035 2715 1077 omnes
2758 1034 2852 1076 se·

457 1107 616 1171 dent
633 1157 652 1190 ,
720 1116 787 1170 et
824 1106 1133 1174 Pontifex
1170 1118 1386 1197 patres
1431 1110 1725 1175 hortatur
1787 1112 2007 1176 verbis
2070 1114 2598 1179 convenientibus
2642 1114 2729 1179 ad
2768 1113 2852 1177 fa·

453 1206 682 1272 cienda
726 1207 1006 1292 decreta,
1051 1210 1385 1296 assignans
1430 1212 1737 1294 rationes,
1782 1234 1895 1276 cur
1936 1212 2023 1277 ita
2054 1213 2136 1276 sit
2166 1212 2567 1295 faciendum3
2615 1212 2849 1277 deinde

457 1330 733 1395 surgens
795 1309 934 1374 sine
980 1310 1201 1393 mitra,
1273 1310 1500 1398 incipit
1554 1312 1905 1397 hymnum:
1988 1312 2150 1376 Veni
2204 1312 2481 1377 Creator
2534 1312 2851 1399 Spiritus,

455 1434 678 1477 omnes
719 1412 1202 1497 genuflectunt,
1273 1420 1340 1475 et
1379 1412 1521 1499 ipse
1566 1410 1789 1495 etiam,
1854 1422 2195 1501 postquam
2240 1414 2591 1503 inceperit,
2655 1436 2853 1501 genu-

455 1514 658 1577 flectit
705 1513 1136 1601 procumbens
1185 1533 1382 1599 super
1423 1511 1853 1577 faldistorium
1873 1559 1893 1595 ,
1962 1534 2299 1599 quousque
2344 1514 2591 1601 primus
2632 1536 2853 1578 versus

455 1613 845 1701 perficiatur.
934 1611 1197 1677 Deinde
1258 1633 1481 1676 omnes
1527 1622 1830 1698 surgunt,
1896 1622 1961 1678 et
2004 1623 2173 1679 stant
2218 1614 2531 1701 capitibus
2584 1612 2853 1677 detectis
2951 1618 2952 1629 *

456 1722 748 1778 cantores
765 1759 788 1792 ,
851 1722 917 1777 et
954 1721 1206 1800 patres,
1271 1712 1325 1775 si
1367 1714 1633 1796 volunt,
1694 1724 2175 1801 prosequuntur
2214 1716 2564 1800 hymnum,
2608 1714 2681 1777 in
2725 1714 2849 1777 fine

455 1812 767 1879 Pontifex
821 1812 978 1877 dicit
1015 1812 1302 1877 Versus:
1385 1812 1621 1878 Emitte
1665 1814 1989 1901 Spiritum
2048 1829 2255 1895 tuam,
2326 1830 2387 1881 et
2446 1816 2855 1881 creabuntur.

361 1964 367 1971 -
455 1916 652 2003 Resp.
701 1915 790 1979 Et
834 1915 1175 1986 renovabis
1209 1912 1463 1999 faciem
1511 1928 1745 1979 terrae.
1789 1913 1875 1979 Et
1914 1915 2255 1981 Pontifex:
2322 1915 2637 1981 Oramus:
2682 1914 2855 1981 Deus

459 2018 577 2103 qui
615 2017 818 2080 corda
846 2017 1146 2099 fidelium
1177 2016 1412 2082 Sancti
1436 2018 1728 2104 Spiritus
1770 2020 2211 2083 illustratione
2264 2020 2565 2099 docuisti,
2620 2020 2703 2083 da
2741 2044 2856 2083 no-

454 2115 550 2178 bis
596 2118 665 2179 in
708 2117 928 2180 eodem
968 2117 1230 2203 Spiritu
1271 2132 1454 2183 recta
1494 2142 1745 2205 sapere,
1792 2134 1909 2183 etc.
1952 2144 2075 2205 per
2122 2118 2473 2183 Dominum
2518 2134 2633 2184 etc.
2722 2120 2856 2185 De-

449 2238 632 2281 mum
669 2216 798 2281 duo
837 2228 1130 2283 cantores
1177 2218 1428 2284 dicunt}
1469 2218 1941 2284 Benedioamus
1977 2218 2280 2283 Domino,
2303 2220 2377 2283 R.
2408 2218 2553 2285 Deo
2582 2225 2856 2308 qratias.

459 2317 714 2401 Quibus
758 2318 975 2402 finitis,
1019 2319 1350 2385 Diaconus
1399 2320 1565 2406 legit
1606 2320 1866 2385 decreta
1912 2320 2227 2403 facienda,
2278 2329 2345 2385 et
2382 2330 2573 2407 rogat
2612 2320 2856 2402 PatreS,

465 2440 549 2481 an
591 2418 711 2483 ista
751 2419 1086 2507 placeant,
1127 2420 1236 2504 qui
1277 2418 1649 2506 incipiendo
1688 2444 1725 2484 a
1769 2420 2041 2487 Summo
2068 2420 2387 2486 Pontifice
2422 2422 2859 2510 respondent:

444 2518 684 2602 placet,
726 2519 834 2583 vel
871 2544 1002 2585 non
1039 2520 1281 2606 placet,
1329 2530 1396 2585 et
1424 2520 1789 2586 Pronotarii
1818 2522 2204 2609 Apostolici,
2252 2520 2493 2587 Clerici
2522 2520 2857 2602 Gamerae,
2951 2554 2952 2599 ᾗ

451 2627 518 2681 et
577 2618 684 2683 alii
741 2620 1038 2684 tabularii
1091 2620 1303 2706 rogati
1365 2618 1625 2685 decreta
1667 2628 1929 2704 notant,
1992 2630 2058 2685 et
2097 2621 2167 2685 in
2212 2620 2537 2708 publicam
2580 2620 2855 2685 formam

447 2720 794 2807 redigunt,
863 2742 1028 2804 quae
1074 2720 1312 2785 deinde
1352 2722 1563 2804 bulla,
1628 2745 1704 2787 ac
1748 2721 1969 2807 sigillo
2016 2722 2399 2809 Apostolico
2444 2720 2857 2785 muniuntur:
2951 2742 2952 2767 ³

450 2820 810 2905 Evangelia
870 2829 1196 2885 mutantur
1254 2823 1322 2886 in
1383 2822 1775 2888 sessionibus
1858 2821 2217 2886 secundum
2280 2822 2579 2886 materias
2599 2870 2620 2904 ,
2694 2842 2859 2907 quae

451 2928 817 2985 tractantur.
906 2918 981 2985 Si
1029 2920 1354 2986 Romanus
1397 2921 1710 2987 Pontifex
1752 2943 1883 2986 non
1926 2922 2203 3004 adesset,
2254 2920 2638 3009 praesidens
2682 2920 2854 2986 Con-
2951 2966 2952 3013 i

449 3018 579 3084 cilii
616 3028 874 3106 paratus
904 3042 1051 3085 cum
1077 3020 1401 3103 sandaliiS,
1441 3022 1759 3104 Diacono,
1804 3030 1871 3085 et
1900 3019 2315 3088 Subdiacono
2350 3022 2563 3086 omnia
2590 3022 2861 3103 faceret,
2951 3014 2952 3021 ἵ

447 3128 519 3183 ut
561 3120 964 3207 praedictum
1009 3130 1122 3203 est,
1161 3121 1286 3185 nisi
1327 3142 1421 3203 ea,
1464 3143 1627 3205 quae
1668 3120 1749 3185 ad
1788 3119 2133 3186 Summum
2170 3120 2557 3186 Pontificem
2602 3129 2853 3185 tantum

449 3227 758 3307 spectant.
815 3221 1101 3286 Decreta
1143 3221 1400 3306 legeret
1442 3220 1672 3305 aliquis
1720 3220 2084 3303 Praelatus,
2134 3229 2200 3285 et
2242 3222 2469 3287 literae
2514 3220 2859 3305 signentur

445 3318 622 3384 bulla
667 3317 960 3385 Concilii.
1037 3318 1338 3385 Decretis
1381 3319 1671 3402 firmatiS,
1717 3341 1939 3385 omnes
1984 3320 2322 3407 deponunt
2360 3343 2570 3385 sacras
2610 3329 2850 3401 vesteS,

453 3430 520 3485 et
557 3430 693 3485 tum
735 3430 1148 3487 revertuntur
1187 3422 1471 3504 domum,
1520 3421 2065 3507 quemadmodum
2104 3442 2365 3487 venere.
2424 3420 2497 3487 Si
2535 3420 2719 3507 Papa
2756 3428 2855 3483 est

447 3544 776 3611 praesenS,
825 3523 1086 3588 decreta
1129 3522 1535 3589 intitulantur
1578 3523 1704 3587 hoc
1748 3523 1983 3588 modo:
2051 3517 2639 3587 MARTINUS
2692 3518 2853 3607 Epi·
2951 3538 2952 3561 ÷

445 3648 676 3711 scopus
721 3648 946 3688 servus
990 3646 1325 3687 servorum
1363 3621 1510 3702 Dei,
1559 3647 1747 3687 sacro
1784 3624 2189 3710 approbante
2238 3620 2557 3701 Concilio,
2606 3634 2667 3684 et
2714 3644 2853 3685 cae·
2951 3652 2952 3695 ς

450 3738 609 3805 tera,
653 3735 725 3789 ut
761 3726 830 3789 in
875 3722 1374 3790 Constantiensi.
1432 3721 1507 3790 Si
1549 3733 1763 3789 autem
1802 3727 1985 3789 abest
2022 3724 2345 3804 Pontifex,
2389 3722 2481 3786 sic
2528 3720 2851 3801 scribitur,
2951 3726 2952 3747 ³

444 3833 517 3889 ut
541 3824 951 3890 Basiliensis:
999 3824 1438 3889 Sacrosancta
1475 3826 1802 3912 qeneralis
1832 3823 2133 3910 Synodus
2170 3823 2561 3888 Basiliensis
2606 3825 2678 3885 in
2708 3820 2853 3906 Spi—
2951 3838 2952 3887 ἶ

442 3928 579 3987 ritu
625 3924 866 3989 Sancto
928 3926 1212 4012 Zeqitime
1269 3937 1709 4012 conyreqata,
1777 3926 2082 4013 qenes-ale
2148 3923 2514 3987 Concilium
2564 3921 2851 4005 faciens,
2951 3910 2952 3977 f

449 4036 508 4086 et
554 4027 984 4091 universalem
1034 4025 1400 4090 Ecclesiam
1439 4038 1957 4111 repraesentans,
2006 4038 2122 4088 etc.
