2959 4984
921 314 1198 366 KAROLI
1233 313 1468 364 MAGNI
1510 316 1572 364 A.
1610 311 1735 367 789.
2455 314 2525 367 57

339 476 692 531 voluntatem.
767 477 874 544 Qui
916 495 1048 531 vero
1091 478 1198 531 hoc
1249 479 1615 533 constitutum
1658 484 1911 533 nostrum
1946 481 2249 535 excesserit
2270 521 2283 548 ‚
2334 499 2461 536 eum
2496 499 2529 535 a

341 564 722 618 communione
757 565 1021 634 suspendi
1053 566 1416 633 decrevimus,
1453 585 1525 621 ne
1559 584 1760 621 nomen
1794 568 1902 621 Dei
1941 568 2375 637 blasphematur.
2447 570 2530 624 Ci-

338 651 524 705 vitatis
572 656 758 705 autem
791 652 1132 722 Episcopum
1173 659 1398 721 oportet
1447 659 1853 724 competentem
1908 657 2317 725 providentiam
2350 675 2538 711 mona-

337 738 518 791 steriis
553 738 898 807 impendere.

401 834 532 887 Leo.
575 852 620 888 c.
661 836 712 887 1.
763 834 1151 888 Admittuntur
1209 837 1417 905 passim
1453 836 1526 889 ad
1562 836 1812 889 ordinem
1859 854 2078 890 sacrum
2124 838 2324 905 quibus
2378 840 2533 893 nulla

331 922 629 987 natalium,
685 922 836 975 nulla
872 940 1083 977 morum
1119 923 1368 993 dignitas
1403 923 1756 993 suffragatur.
1828 924 1905 977 Et
1941 925 2037 993 qui
2077 941 2110 978 a
2144 925 2381 979 dominis
2420 927 2532 979 suis

339 1007 660 1063 libertatem
700 1011 966 1078 consequi
1004 1011 1228 1066 minime
1268 1016 1589 1081 potuerunt,
1622 1011 1693 1065 ad
1723 1011 2007 1081 fastigium
2047 1013 2363 1080 sacerdotii,
2397 1018 2537 1067 tam-

337 1112 497 1163 quam
535 1096 753 1150 servilis
795 1097 980 1150 vilitas
1015 1098 1164 1151 hunc
1200 1098 1466 1151 honorem
1502 1099 1704 1167 capiat,
1747 1098 2145 1167 provehuntur.
2198 1100 2275 1154 Et
2309 1101 2537 1171 probari

332 1182 448 1235 Deo
489 1200 655 1251 posse
689 1184 956 1251 creditur,
995 1185 1091 1253 qui
1127 1185 1351 1240 domino
1391 1203 1489 1239 suo
1526 1185 1765 1241 necdum
1800 1188 2039 1255 probare
2076 1203 2135 1239 se
2171 1188 2373 1256 potuit.
2424 1189 2534 1242 Du-

333 1270 461 1339 plex
497 1271 690 1339 itaque
738 1271 797 1325 in
835 1272 938 1326 hac
977 1276 1138 1342 parte
1188 1278 1375 1327 reatus
1429 1278 1547 1327 est:
1600 1273 1750 1341 quod
1802 1278 1860 1327 et
1894 1291 2113 1327 sacrum
2164 1274 2537 1328 ministerium

333 1356 462 1410 talis
501 1357 774 1411 consortii
806 1359 1024 1413 vilitate
1057 1359 1326 1428 polluitur
1347 1403 1360 1425 ‚
1415 1363 1472 1413 et
1514 1360 1865 1419 dominorum
1886 1401 1902 1425 ‚
1952 1364 2217 1430 quantum
2256 1362 2326 1413 ad
2362 1361 2537 1416 inlici-

332 1447 420 1497 tae
456 1444 840 1513 usurpationis
883 1446 1260 1499 temeritatem
1296 1447 1574 1516 pertinet,
1611 1448 1732 1499 iura
1769 1447 2006 1500 solvunt.
2078 1447 2168 1501 Ab
2204 1447 2290 1500 his
2329 1448 2537 1517 itaque,

333 1530 534 1585 fratres
595 1531 897 1597 carissimi,
944 1550 1132 1588 omnes
1189 1539 1408 1587 vestrae
1462 1534 1781 1604 provinciae
1838 1534 2155 1588 abstineant
2192 1535 2536 1589 Sacerdotes.

331 1618 408 1671 Et
463 1636 580 1672 non
615 1623 837 1673 tantum
873 1622 944 1675 ab
981 1621 1064 1674 his
1096 1662 1109 1688 ,
1161 1622 1259 1675 sed
1297 1623 1365 1675 ab
1415 1622 1538 1675 aliis
1589 1623 1758 1675 etiam
1810 1622 1904 1690 qui
1943 1622 2202 1691 originali
2238 1627 2335 1675 aut
2370 1622 2538 1677 alicui

339 1706 653 1760 conditioni
695 1708 924 1777 obligati
963 1713 1110 1775 sunt,
1145 1710 1394 1763 volumus
1434 1710 1753 1779 temperari,
1781 1709 1889 1762 nisi
1922 1710 2069 1764 forte
2108 1727 2299 1763 eorum
2338 1709 2537 1779 petitio

331 1800 425 1849 aut
461 1796 720 1849 voluntas
759 1797 1058 1851 accesserit
1091 1797 1184 1865 qui
1235 1797 1445 1865 aliquid
1506 1798 1613 1852 sibi
1662 1789 1853 1851 ineos
1900 1798 2187 1851 vindicant
2220 1798 2535 1866 potestatis.

333 1883 510 1937 Debet
546 1882 698 1935 enim
735 1898 854 1936 esse
889 1883 1150 1937 immunis
1187 1885 1258 1937 ab
1295 1884 1420 1937 aliis
1459 1883 1557 1952 qui
1600 1883 1819 1938 divinae
1866 1884 2099 1937 militiae
2132 1884 2304 1938 fuerit
2340 1882 2535 1953 adgre-

338 1969 568 2041 gandus‚
605 1974 672 2023 ut
706 1987 738 2023 a
775 1970 976 2024 castris
1011 1971 1318 2039 dominicis,
1355 1972 1555 2040 quibus
1594 1988 1799 2025 nomen
1836 1972 1955 2025 eius
1991 1971 2341 2038 adscribitur,
2368 1970 2536 2024 nullis

331 2056 678 2110 necessitatis
713 2056 948 2111 vinculis
983 2058 1356 2112 abstrahatur.

979 2210 1680 2268 SACERDOTIBUS.

313 2329 559 2396 XXIV.
647 2332 816 2397 Item
865 2333 933 2397 in
980 2332 1210 2397 eodem
1256 2332 1526 2397 concilio
1569 2332 1738 2397 infra
1780 2331 1906 2396 dua
1949 2331 2241 2419 capitula,
2285 2354 2537 2397 necnon

168 2430 316 2493 etin
355 2428 773 2515 Sardicense,
818 2443 892 2496 ut
934 2454 1056 2497 nec
1103 2432 1391 2520 episcopi
1431 2454 1555 2496 nec
1598 2432 1816 2496 clerici
1858 2430 2399 2516 transmigrentur
2444 2433 2526 2499 de

161 2527 382 2595 civitate
423 2534 491 2597 in
535 2533 875 2597 civitatem.

394 2650 558 2704 Conc.
601 2650 779 2705 Chalc.
819 2668 935 2705 can.
976 2655 1024 2706 5.
1098 2653 1180 2707 De
1215 2652 1512 2722 Episcopis
1562 2655 1621 2705 et
1658 2650 1883 2703 Clericis
1938 2649 2032 2717 qui
2090 2666 2149 2703 se
2186 2647 2254 2701 de
2294 2648 2519 2702 civit-ate

330 2737 387 2791 in
425 2737 712 2791 civitatem
748 2739 1120 2805 transferunt,
1175 2740 1390 2809 placuit
1445 2742 1511 2791 ut
1548 2755 1786 2792 canones
1829 2737 1921 2806 qui
1959 2755 1991 2790 a
2020 2736 2225 2790 sanctis
2264 2735 2523 2789 Patribus

326 2824 392 2878 de
424 2825 512 2879 his
546 2825 683 2894 ipsis
719 2825 1019 2880 constituti
1055 2832 1200 2893 sunt,
1239 2842 1396 2880 suam
1428 2826 1673 2880 habeant
1706 2824 2043 2879 firmitatem.

398 2920 562 2974 Conc.
603 2920 815 2974 Sardio
869 2937 989 2974 can.
1030 2924 1078 2974 1.
1150 2922 1356 2975 Hosius
1391 2921 1703 2991 Episcopus
1740 2920 1917 2973 dixit:
1970 2918 2046 2973 Ut
2090 2919 2161 2971 de
2198 2918 2426 2971 civitate
2464 2918 2526 2970 in

326 3008 610 3061 civitatem
646 3006 936 3077 quisquam
973 3007 1022 3061 si
1058 3008 1430 3077 migraverit,
1481 3012 1579 3061 aut
1612 3006 1923 3076 Episcopus
1970 3008 2067 3058 aut
2103 3004 2346 3058 Clericus
2362 3043 2376 3071 ,
2434 3019 2528 3055 ex-

324 3094 756 3151 communicatus
795 3099 1097 3149 remaneat.

1123 3248 1528 3304 OMNIBUS.

299 3372 511 3439 XXV.
601 3374 770 3439 Item
828 3374 895 3449 in
941 3372 1173 3437 eodem
1217 3372 1506 3458 synode,
1568 3380 1639 3436 ut
1680 3370 1895 3434 nullus
1933 3369 2227 3434 absolute
2270 3366 2525 3432 ordine-

163 3478 268 3551 tur,
308 3472 434 3537 sine
482 3472 1005 3562 pronuntiatione
1052 3481 1116 3536 et
1166 3471 1507 3536 stabilitate
1556 3470 1680 3533 loci
1728 3469 1809 3533 ad
1858 3490 2049 3553 quem
2094 3466 2445 3532 ordinatur.

389 3592 553 3647 Cone.
593 3591 779 3647 Chalc.
823 3608 941 3645 can.
985 3594 1036 3645 6.
1110 3591 1333 3644 Nullum
1373 3590 1627 3643 absolute
1678 3587 1926 3641 ordinari
1948 3629 1959 3651 ‚
2016 3603 2196 3655 neque
2234 3584 2526 3653 Presbyte-

332 3699 464 3747 rum,
501 3697 684 3749 neque
721 3678 1058 3746 Diaconum,
1105 3695 1285 3747 neque
1320 3678 1542 3747 penitus
1580 3693 1907 3745 quemquam
1945 3692 2136 3728 eorum
2174 3673 2269 3742 qui
2305 3676 2434 3725 sunt
2467 3671 2528 3724 in

339 3769 710 3825 ecclesiastico
749 3767 972 3833 ordine,
1023 3766 1132 3819 nisi
1167 3766 1485 3835 specialiter
1518 3762 1805 3817 Ecclesiae
1842 3762 2081 3816 civitatis
2102 3801 2115 3827 ,
2166 3761 2257 3813 vel
2294 3759 2402 3813 vici
2437 3759 2525 3812 vel

325 3858 598 3928 martyrii,
655 3855 750 3925 qui
787 3854 1124 3909 ordinandus
1164 3857 1250 3906 est
1283 3852 1455 3907 fuerit
1492 3850 1825 3905 declaratus.
1913 3850 2123 3903 Horum
2159 3851 2344 3901 autem
2380 3848 2522 3899 ordi-

328 3946 605 4000 nationem
641 3942 975 4008 huiusmodi,
1014 3941 1107 4010 qui
1143 3940 1396 3994 absolute
1433 3938 1765 3991 ordinantur
1782 3976 1796 4003 ,
1838 3936 2134 3990 constituit
2172 3940 2365 3989 sancta
2405 3951 2526 4001 syn-

326 4034 455 4087 odus
507 4030 858 4086 inefficacem
919 4047 1040 4083 esse
1063 4068 1076 4095 ,
1126 4033 1184 4081 et
1235 4044 1509 4095 nusquam
1558 4040 1723 4094 posse
1770 4026 1843 4077 ad
1891 4021 2212 4077 ordinandis
2262 4022 2524 4075 iniuriam

326 4120 660 4194 praevalere.

693 4252 1149 4311 MONACHIS
1203 4251 1311 4305 ET
1371 4251 1591 4308 OMNI
1650 4249 1949 4305 CLERO.

304 4376 550 4444 XXVI.
636 4378 803 4443 Item
869 4376 936 4440 in
981 4376 1216 4441 eodem
1259 4374 1565 4455 consiliu,
1626 4381 1699 4435 ut
1746 4372 1963 4436 clerici
2006 4380 2071 4434 et
2112 4370 2409 4435 monaehi
2452 4370 2522 4432 in

161 4492 256 4537 suo
295 4480 614 4567 proposito
661 4487 727 4543 et
765 4486 916 4543 voto
969 4476 1142 4563 quod
1185 4476 1332 4540 Deo
1375 4474 1834 4562 promiserunt,
1880 4479 2321 4559 permaneant.
