2959 4984
379 330 484 385 102
711 328 856 380 XVI.
927 326 1234 382 EUGENH
1267 326 1362 379 lv,
1397 326 1645 381 BULLA
1685 328 1809 379 DIE
1845 327 1911 379 V.
1952 327 2154 380 FEBR.
2196 330 2258 379 A.
2298 326 2455 381 1447.

377 502 612 565 beuter
673 494 1086 561 concedimus
1107 547 1127 580 ,
1189 518 1312 585 per
1371 518 1497 581 que
1542 497 1743 585 ipsius
1786 496 2062 561 nationis
2104 516 2529 584 personarum
2580 500 2781 584 quieti

385 609 452 664 et
493 596 1050 663 commoditatibus
1103 599 1491 663 consulatur.
1584 595 1757 664 Sane
1800 597 1883 662 ad
1929 596 2294 661 instantiam
2338 595 2669 669 Carissimi
2710 600 2777 663 in

387 699 646 767 Christo
693 697 812 761 filii
853 698 1060 762 nostri
1089 697 1423 763 Frederici
1444 698 1883 764 Romanorum
1913 696 2117 782 Regis
2155 696 2445 780 illustriS,
2484 707 2552 761 et
2582 720 2777 779 vene-

384 798 605 864 rabilis
651 796 867 861 fratris
914 797 1118 861 nostri
1158 797 1659 885 Archiepiscopi
1700 797 2240 883 MaguntinensiS,
2284 820 2359 861 ac
2402 797 2623 862 dilecti
2660 798 2781 863 filii

387 897 643 965 Nobilis
701 895 824 959 viri
867 894 925 961 F
923 896 1204 961 rederici
1247 897 1639 961 Marchionis
1688 896 2343 983 Brandenburgensis
2359 946 2379 978 ‚
2442 919 2562 984 per
2622 898 2779 963 alias

382 1006 634 1065 nostras
687 996 955 1079 litteraS,
997 996 1309 1061 nonnulla
1351 995 1521 1061 circa
1566 994 1929 1061 Concilium
1974 992 2467 1060 Constantiense
2510 996 2779 1082 eiusque

385 1099 665 1180 decreta,
707 1120 831 1163 nec
875 1120 1006 1162 non
1049 1098 1248 1175 futuri
1297 1097 1824 1162 convocationem
1868 1094 2121 1161 Concili
2168 1105 2453 1160 mentem
2494 1106 2782 1163 noem-am

383 1198 836 1264 concernentia
871 1198 1356 1280 declaravimus,
1399 1207 1597 1284 prout
1632 1196 1699 1260 in
1727 1197 1886 1285 ipsis
1917 1195 2147 1260 litteris
2178 1195 2608 1277 continentur.
2654 1194 2780 1263 Su-

379 1320 500 1387 per
557 1298 700 1362 aliis
756 1307 972 1363 autem
1032 1298 1311 1363 decretis
1355 1298 1615 1363 Basilee
1676 1297 1905 1379 editis,
1978 1305 2043 1361 et
2082 1316 2203 1384 per
2250 1295 2421 1359 clare
2464 1298 2781 1361 memorie

387 1398 711 1485 quondam
758 1397 1110 1463 Albertum
1163 1398 1606 1464 Romanorum
1646 1397 1903 1483 Regem
1944 1395 2323 1482 acceptatiS,
2366 1420 2453 1462 ex
2508 1419 2785 1482 quorum

385 1497 791 1564 observantia
845 1497 1022 1562 natio
1068 1498 1210 1585 ipsa
1249 1498 1598 1563 alamanica
1642 1519 1727 1563 ex
1766 1497 2061 1585 pluribus
2104 1496 2579 1583 gravaminibus
2628 1496 2783 1562 dici-

384 1606 489 1662 tur
527 1596 824 1679 relevari,
868 1598 1151 1662 contenti
1189 1620 1428 1681 sumus,
1467 1597 1766 1662 volumus
1800 1605 1869 1662 et
1895 1596 2324 1679 decernimuS,
2364 1596 2539 1681 quod
2570 1596 2787 1662 omnia

385 1707 452 1763 et
493 1696 781 1783 singula,
831 1697 1066 1783 vigore
1109 1696 1518 1763 decretorum
1565 1697 1959 1780 huiusmodi,
2002 1720 2145 1761 cum
2186 1698 2317 1761 suis
2360 1696 2787 1761 modificatio-

383 1796 574 1862 nibus
633 1806 1144 1884 acceptaturum,
1207 1820 1329 1886 per
1375 1820 1519 1881 eos,
1584 1798 1695 1883 qui
1738 1797 1851 1862 illa
1890 1806 2412 1884 acceptaverunt,
2456 1797 2567 1861 vel
2606 1819 2787 1862 acce-

386 1898 713 1986 ptantibus
771 1897 842 1961 in
897 1898 1154 1962 natione
1210 1899 1459 1986 prefata
1518 1898 1951 1981 adheserunt,
2018 1920 2226 1983 usque
2283 1898 2352 1962 in
2412 1905 2789 1985 presentem

389 1997 562 2061 diem
619 1997 1109 2082 quomodolibet
1149 2008 1336 2083 gesta
1373 2000 1482 2063 vel
1526 2010 1667 2065 acta
1714 2008 1894 2083 sunt,
1960 2021 2107 2063 cum
2148 2000 2443 2065 omnibus
2485 1996 2642 2061 inde
2685 2016 2785 2061 se-

389 2097 572 2178 cutis,
612 2108 768 2182 rata,
808 2100 997 2165 firma
1038 2109 1105 2164 et
1133 2101 1529 2169 inviolabilia
1555 2104 1922 2191 persistant,
1962 2125 2085 2168 nec
2110 2102 2534 2191 imposterum
2560 2128 2598 2167 a
2628 2124 2785 2187 quo-

389 2218 580 2282 quam
625 2199 847 2283 quavis
888 2200 1266 2266 auctoritate
1309 2204 1564 2287 cassari,
1600 2203 1711 2268 vel
1753 2204 2048 2268 annulari
2090 2212 2198 2267 aut
2236 2203 2306 2267 in
2337 2203 2591 2267 irritum
2630 2224 2788 2289 quo-

387 2296 485 2361 vis
528 2299 724 2364 modo
769 2302 1030 2367 valeant
1066 2304 1379 2367 revocari.
1469 2304 1799 2389 Quodque
1846 2324 2070 2369 omnes
2114 2313 2181 2369 et
2223 2304 2495 2392 singuli,
2528 2303 2642 2389 qui
2686 2304 2789 2369 usi

388 2408 538 2463 sunt
574 2400 702 2465 illis
718 2449 738 2483 ,
801 2409 912 2466 aut
951 2401 1022 2467 in
1062 2404 1196 2469 vim
1241 2404 1563 2469 dictorum
1610 2404 2052 2487 decretorum,
2104 2428 2141 2467 a
2184 2404 2289 2469 die
2332 2404 2788 2491 acceptationis

387 2499 776 2584 eorundem,
837 2502 1178 2587 quicquam
1220 2505 1549 2570 consecuti
1595 2513 1773 2587 sunt,
1840 2503 2051 2569 securi
2094 2504 2223 2569 sint
2265 2514 2335 2569 et
2374 2504 2605 2589 quieti,
2672 2525 2795 2568 nec

385 2608 732 2687 propterea
768 2601 1014 2689 impeti,
1084 2605 1326 2670 turbari
1387 2613 1501 2668 aut
1538 2603 1867 2669 molestari
1908 2605 2161 2692 possint
2196 2604 2689 2690 quomodolibet
2724 2606 2791 2669 in

386 2700 693 2765 futurum.
775 2698 993 2788 Super
1039 2704 1489 2769 observatione
1531 2726 1690 2768 vero
1740 2714 1806 2769 et
1846 2704 2324 2787 modificatione
2374 2704 2791 2771 derectorum

388 2798 765 2880 eorundem,
811 2822 956 2863 cum
997 2801 1292 2890 nonnulli
1331 2803 1567 2890 prelati
1606 2803 1883 2869 nationis
1926 2803 2197 2892 prefate,
2248 2824 2333 2867 ex
2380 2802 2634 2867 eisdem
2680 2802 2789 2867 de-

389 2898 579 2961 cretis
634 2907 936 2981 gravatos
997 2920 1066 2965 se
1125 2901 1303 2986 fore,
1363 2904 1553 2968 nobis
1615 2903 1949 2988 conquesti
2004 2902 2166 2986 sint,
2230 2924 2505 2986 cumque
2548 2903 2621 2977 in
2658 2902 2789 2966 illis

388 2996 744 3084 apostolice
803 2999 978 3082 sedi,
1045 3022 1172 3085 que
1233 3002 1510 3067 multum
1566 3004 1637 3068 in
1696 3004 1827 3068 suis
1873 3003 2131 3086 ‚iuribus
2178 3024 2265 3069 ex
2304 3003 2461 3091 ipsis
2506 3002 2827 3067 decretis·

391 3106 657 3183 gravata
703 3097 1088 3184 dinoscitur,
1132 3104 1645 3192 recompensatio
1692 3104 2009 3191 promissa
2052 3104 2166 3188 sit,
2212 3103 2620 3169 decrevimus
2662 3101 2787 3167 Le-

391 3206 614 3283 gatum
657 3206 983 3284 nostrum,
1049 3224 1192 3267 cum
1240 3204 1585 3268 sufficienti
1629 3213 1985 3294 potestate,
2041 3205 2125 3269 ad
2164 3214 2381 3292 partes
2434 3201 2789 3270 Germanic

388 3298 843 3382 transmittere,
885 3302 994 3385 qui
1035 3303 1711 3391 mediantibus‘Rege,
1751 3304 2271 3393 -Archiepiscopo
2320 3313 2385 3368 et
2408 3303 2789 3369 Marchione

392 3397 659 3484 prefatis
675 3447 695 3480 ,
756 3421 830 3463 ac
886 3402 1026 3465 aliis
1073 3403 1362 3468 eiusdem
1400 3405 1679 3469 nationis
1726 3405 2125 3493 principibus
2172 3414 2239 3469 et
2276 3404 2542 3493 prelatis
2556 3451 2576 3486 ,
2644 3424 2790 3466 cum

393 3496 622 3581 quibus
671 3498 870 3562 fuerit
913 3524 1112 3589 opus,
1177 3526 1373 3591 super
1418 3505 1823 3570 observantia
1856 3515 1930 3569 et
1970 3505 2449 3571 modificatione
2496 3503 2789 3567 decreto-

389 3620 534 3661 rum
588 3597 992 3682 huiusmodi,
1051 3623 1173 3665 nec
1229 3624 1360 3666 non
1419 3626 1614 3691 super
1658 3605 2028 3693 provisione
2068 3605 2421 3693 apostolice
2466 3602 2638 3686 sedi,
2696 3601 2788 3665 fa·

287 3756 290 3759 ,
389 3697 653 3780 ciendiS,
699 3706 972 3764 tractare
1013 3701 1242 3785 valeat,
1289 3711 1353 3766 et
1393 3702 1675 3769 finaliter
1722 3704 2133 3770 concordare.
2196 3705 2655 3770 Permittentes
2692 3701 2788 3766 in-

397 3801 584 3865 terim
633 3810 697 3865 et
735 3801 1175 3889 indulgentes,
1222 3805 1395 3890 quod
1440 3829 1665 3872 omnes
1710 3816 1775 3872 et
1805 3806 2065 3892 singuli,
2112 3806 2221 3891 qui
2250 3806 2501 3894 prefata
2534 3804 2793 3869 decreta

392 3910 811 3989 receperunt,
854 3904 963 3967 vel
1009 3905 1501 3992 recipientibuS,
1547 3914 1621 3970 ut
1666 3906 2056 3994 premissum
2105 3913 2219 3987 est,
2268 3904 2682 3985 adheserunt,
2722 3901 2793 3966 in

389 4000 641 4087 prefata
698 4002 990 4088 natione,
1063 4004 1338 4069 decretis
1394 4006 1765 4071 huiusmodi
1828 4006 2125 4071 similiter
2170 4028 2317 4069 cum
2357 4004 2490 4068 suis
2533 4001 2787 4067 modifi-

395 4100 768 4185 cationibuS,
814 4104 1042 4188 quibus
1081 4114 1346 4193 recepta
1390 4114 1556 4189 sunt,
1598 4106 1805 4171 libere
1847 4114 1913 4170 et
1950 4104 2123 4169 licite
2163 4104 2257 4169 uti
2286 4103 2568 4191 possint3
2616 4099 2791 4187 quod

394 4198 587 4264 etiam
646 4202 813 4267 circa
866 4204 1122 4290 singula
1173 4206 1490 4293 premissa
1544 4206 1947 4271 manuteneri
1988 4229 2063 4270 ac
2103 4204 2427 4270 defensari
2468 4203 2787 4284 volumus,

395 4298 603 4364 donec
640 4324 760 4390 per
799 4301 1139 4389 Legatum,
1181 4314 1254 4369 ut
1296 4306 1663 4394 predictum
1704 4316 1835 4391 est,
1907 4305 2366 4372 concordatum
2403 4304 2636 4387 fuerit,
2679 4302 2786 4367 vel

393 4420 514 4484 per
537 4397 920 4484 Concilium,
969 4404 1143 4488 quod
1192 4403 1275 4487 ad
1315 4406 1761 4493 predictorum
1796 4407 2023 4494 Regis,
2070 4406 2471 4495 prelatorum
2514 4412 2582 4467 et
2616 4404 2790 4492 prin-

395 4496 610 4585 cipum
665 4500 1179 4569 exhortationem
1228 4526 1580 4571 convocare
1621 4508 2045 4597 proponimus
2063 4556 2084 4591 ,
2145 4506 2331 4572 aliter
2373 4504 2572 4570 fuerit
2617 4503 2788 4569 ordi-
