2959 4984
404 267 515 328 522
580 261 881 324 nmm-
956 261 1433 326 coxs'm'tmo
1468 264 1572 325 DE
1605 264 2280 330 APPELLAnomUS
2315 270 2384 328 A.
2439 271 2606 330 1748.

416 445 829 533 dicationem,
870 439 983 514 vel
1022 441 1319 537 publicas
1359 443 1698 530 lectiones,
1741 456 1854 514 aut
1881 449 2358 536 coercentibuS,
2403 449 2518 518 vel
2545 449 2816 539 punien-

414 553 589 618 tibus
632 569 1075 636 quoscumque
1089 597 1111 631 ,
1174 549 1373 616 etiam
1420 558 1766 637 exemptos
1786 596 1809 631 ,
1850 559 1986 614 tam
2027 549 2380 618 Seculares
2393 600 2414 634 ,
2457 573 2656 636 quam
2695 553 2820 619 Re·

414 650 681 740 gulares
694 699 716 734 ,
780 647 892 735 qui
952 648 1021 714 in
1080 648 1311 716 alienis
1352 647 1670 714 Ecclesiis
1691 693 1712 732 ,
1787 669 1952 734 quae
2011 671 2276 716 suorum
2313 649 2646 718 Ordinum
2689 674 2824 717 non

412 761 563 818 sunt
580 797 597 827 ,
648 752 893 836 absque
934 749 1247 838 Episcopi
1290 748 1576 832 licentia,
1623 758 1688 814 et
1735 749 1806 814 in
1843 746 2160 814 Ecclesiis
2200 750 2354 834 suia,
2397 761 2510 816 aut
2549 775 2822 820 suorum

411 849 759 933 Ordinum,
802 871 937 916 non
978 848 1184 938 petita
1226 848 1401 914 illius
1442 847 1925 932 benedictione,
1965 859 2078 914 aut
2112 849 2260 938 ipso
2301 852 2820 937 contradicente,

410 949 795 1040 praedicare
837 948 1433 1038 praesumpserint3
1467 951 1661 1034 juxta
1705 948 2049 1016 decretum
2091 949 2282 1019 Sacri
2329 949 2616 1018 Concilii
2661 975 2822 1020 sess.

410 1053 474 1118 5.
518 1052 601 1117 de
646 1051 933 1118 Reform.
976 1072 1121 1138 cap.
1161 1049 1243 1132 2.,
1288 1058 1355 1114 et
1400 1069 1561 1116 sess.
1608 1049 1711 1114 24.
1755 1049 2057 1115 similiter
2105 1047 2187 1115 de
2231 1050 2527 1117 Reform.
2569 1063 2720 1142 cap.
2759 1055 2820 1119 4.

410 1162 479 1220 et
519 1151 1070 1220 constitutionem
1128 1151 1277 1238 piae
1332 1171 1530 1216 mem.
1574 1149 1894 1236 Gregorii
1939 1149 2091 1216 XV.
2105 1199 2128 1234 ,
2191 1171 2356 1236 quae
2397 1152 2674 1241 incipit:
2717 1155 2822 1220 In-

410 1252 745 1320 scrutabili
808 1253 867 1334 9.
911 1251 1023 1318 fin.
1062 1273 1192 1316 una
1262 1271 1411 1316 cum
1452 1250 1996 1316 declarationibus
2051 1252 2376 1318 contentis
2419 1253 2492 1318 in
2537 1251 2823 1320 Constit.

413 1351 773 1420 Clementis
818 1351 950 1418 PP.
990 1351 1077 1420 X.
1096 1397 1117 1436 ,
1160 1373 1329 1438 quae
1374 1352 1646 1440 incipit.
1689 1349 2012 1440 Superna.

574 1451 781 1537 9.19.
862 1451 951 1522 Et
1014 1453 1415 1543 generaliter
1475 1457 1547 1524 in
1603 1458 1905 1524 omnibus
1955 1456 2036 1521 iis
2053 1505 2075 1540 ,
2135 1479 2307 1542 quae
2345 1455 2688 1545 pertinent
2733 1452 2814 1518 ad

414 1553 655 1622 Curam
697 1555 1110 1639 Animarum,
1154 1565 1221 1622 et
1254 1565 1505 1622 rectam
1541 1555 2122 1624 Sacramentorum
2163 1556 2820 1635 administrationem,

412 1655 727 1725 adversus
766 1657 1223 1741 visitationem,
1264 1656 1778 1740 correctionem,
1821 1655 2316 1741 coercitionem,
2357 1665 2426 1722 et
2475 1677 2818 1741 quascum-

412 1779 541 1844 que
582 1759 743 1828 alias
788 1760 1195 1849 provisiones
1239 1758 1556 1848 Episcopi
1593 1759 2024 1842 Dioecesani,
2087 1759 2284 1824 etiam
2331 1759 2552 1846 quoad
2593 1779 2818 1824 exem·

409 1866 557 1947 ptos
572 1907 593 1942 ,
656 1860 797 1926 sive
838 1859 1227 1928 Saeculares
1246 1909 1267 1943 ,
1324 1860 1461 1926 sive
1507 1859 1872 1945 Regulares
1891 1909 1909 1944 ,
1945 1861 2138 1945 juxta
2177 1859 2514 1926 laudatam
2559 1857 2818 1926 Consti·

408 1959 729 2026 tutionem
773 1959 1087 2048 Gregorii
1128 1959 1303 2045 XV„
1348 1981 1512 2046 quae
1557 1959 1822 2048 incipit:
1867 1961 2307 2026 Inscrutabili.
2449 1994 2460 2002 ⁴

584 2061 641 2141 9.
682 2060 787 2128 20.
868 2061 1041 2126 Item
1078 2061 1392 2128 adversus
1434 2079 1878 2148 quascumque
1917 2060 2334 2126 Provisiones
2349 2111 2370 2146 ,
2415 2070 2482 2126 et
2525 2061 2820 2128 Decreta

412 2181 533 2252 pro
590 2157 1041 2229 conservanda
1059 2213 1081 2247 ,
1148 2171 1259 2228 aut
1317 2161 1720 2228 restituenda
1777 2161 2072 2226 clausura
2111 2158 2376 2226 Sancti-
2419 2161 2825 2244 Monialium‘,

410 2273 521 2330 aut
561 2287 683 2353 pro
724 2264 1168 2347 correctione,
1224 2285 1342 2330 seu
1387 2263 1728 2352 punitione
1771 2282 2002 2328 eorum
2020 2311 2041 2344 ,
2103 2261 2211 2345 qui
2269 2260 2447 2326 circa
2484 2259 2818 2325 Personas

414 2364 587 2432 intra
628 2363 1027 2432 Monasteria
1074 2364 1414 2450 degentes,
1458 2373 1570 2428 aut
1610 2363 1788 2428 circa
1831 2361 2217 2428 Clausuram
2239 2408 2260 2443 ,
2316 2360 2428 2424 vel
2471 2359 2654 2426 circa
2697 2359 2820 2424 Bo-

408 2485 644 2532 norum
684 2465 1313 2532 administrationem
1370 2463 1787 2548 deliquerint.
1873 2461 2080 2528 Prout
2139 2461 2356 2525 etiam·
2383 2461 2464 2526 ab
2511 2459 2816 2524 examine

412 2584 533 2654 pro
592 2567 1065 2654 approbatione
1086 2615 1107 2649 ,
1174 2565 1285 2630 vel
1340 2564 1801 2652 reprobatione
1857 2559 2422 2630 confessariorum
2491 2560 2633 2624 sive
2695 2559 2818 2624 Re-

410 2666 739 2750 gularium
757 2715 778 2749 ,
840 2665 997 2734 Sive
1074 2663 1529 2732 Saecularium
1556 2714 1576 2748 ,
1657 2663 2268 2750 quomodocumque
2335 2669 2813 2750 exemptor-um,

412 2774 481 2830 et
520 2775 656 2830 tam
700 2765 1199 2849 ordinariorum,
1242 2787 1437 2854 quam
1493 2765 2181 2849 extraordinariorum,
2221 2783 2346 2851 pro
2405 2757 2816 2848 excipiendis

414 2865 949 2936 confessionibus
996 2866 1399 2949 Monialium,
1444 2867 1642 2932 etiam
1675 2865 2112 2952 Regularibus
2175 2864 2656 2949 subjectarum:
2703 2859 2812 2925 Iti-

412 2965 693 3052 demque
752 2991 793 3032 a
834 2965 1137 3032 Decretis
1162 3018 1183 3051 ,
1241 2967 1349 3030 vel
1402 2967 1547 3032 aliis
1603 2967 2116 3052 quibuscumque
2166 2962 2650 3054 provisionibus
2706 2981 2786 3026 co

410 3066 718 3154 gentibus
762 3065 1372 3150 Administratores,
1416 3067 1554 3133 sive
1607 3067 2016 3151 Saeculares,
2063 3067 2202 3132 sive
2245 3063 2614 3150 Regulares
2659 3081 2810 3146 quo·

413 3167 773 3234 modolibet
838 3177 1179 3256 exemptos
1204 3216 1225 3251 ,
1298 3168 1383 3234 ad
1438 3167 1847 3235 reddendam
1909 3167 2185 3253 singulis
2241 3166 2426 3230 annis
2491 3164 2810 3229 rationem

414 3269 753 3337 Bonorum
792 3267 878 3334 ad
918 3267 1317 3335 Monasteria
1360 3267 2032 3338 Sancti-Monialium
2073 3265 2446 3352 hujusmodi
2488 3265 2814 3352 pertinen-

418 3371 619 3438 tiumt
666 3369 773 3436 Ac
820 3370 1083 3436 demum
1122 3394 1162 3434 a
1203 3369 1722 3454 quibuscumque
1747 3368 2056 3436 Decretis
2101 3387 2302 3455 super
2341 3365 2668 3432 amotione
2699 3361 2814 3429 Ca·-

415 3472 846 3564 pellanorum,
890 3471 1347 3552 Sacristarum,
1386 3479 1456 3534 et
1495 3469 1772 3535 aliorum
1801 3473 2364 3554 quorumcumque
2388 3465 2814 3546 officialium,

423 3583 489 3640 et
533 3571 1001 3655 Ministrorum,
1042 3580 1175 3636 tam
1216 3569 1690 3653 Saecularium,
1737 3591 1929 3655 quam
1970 3567 2415 3654 Regularium,
2451 3567 2660 3656 ipsius
2684 3564 2816 3630 Mo·

422 3673 721 3758 nialibus,
760 3675 871 3740 vel
914 3694 1141 3740 eorum
1184 3671 1503 3738 Ecclesiis
1543 3669 2055 3753 inservientium,
2091 3671 2285 3754 juxta
2333 3667 2818 3756 dispositionem

425 3773 618 3841 Sacri
681 3773 960 3843 Concilii
1004 3797 1162 3840 sess.
1185 3773 1287 3840 25.
1334 3774 1417 3839 de
1460 3771 1770 3860 Regular.
1818 3781 1884 3836 et
1911 3769 2178 3836 Monial.
2229 3791 2372 3856 cap.
2387 3770 2448 3834 5.
2491 3783 2634 3856 cap.
2653 3766 2712 3831 9.
2757 3774 2816 3830 et

426 3895 567 3962 cap.
592 3875 689 3940 10.
726 3883 979 3941 servata
1000 3883 1239 3960 tamen,
1272 3871 1881 3960 quoadRegulares,
1915 3882 1979 3936 et
2013 3880 2375 3960 exemptos,
2404 3869 2611 3934 forma
2635 3886 2816 3955 prae-

420 3975 635 4042 dictae
654 3975 1150 4042 Oonstitutionis
1162 3997 1295 4042 rec.
1312 3999 1398 4040 m.
1418 3971 1906 4060 GregoriiXV.‚
1923 3993 2090 4060 quae
2106 3971 2337 4060 incipit
2352 3993 2372 4036 ἰ
2387 3965 2814 4034 Inscrutabili.

588 4077 653 4158 9.
700 4075 805 4142 21.
886 4075 1058 4142 Item
1124 4075 1437 4140 adversus
1496 4073 1890 4162 pastoralem
1935 4071 2398 4138 Visitationem
2457 4065 2817 4149 Dioeeesis,

427 4187 493 4242 et
558 4178 949 4266 praesertim
1010 4175 1556 4243 Monasteriorum
1622 4173 2246 4240 Commendatorum
2267 4220 2287 4255 ,
2364 4169 2810 4248 Abbatiarum,

426 4277 863 4362 Prioratuum,
914 4287 981 4343 et
1021 4275 1652 4366 Praepositurarum,
1697 4275 1766 4340 in
1807 4275 2037 4360 quibus
2079 4293 2212 4338 non
2249 4271 2436 4356 viget
2473 4265 2812 4354 Regularis

432 4379 868 4446 Observantia
884 4427 905 4460 ,
952 4400 1209 4443 necnon
1247 4374 1762 4458 Beneficiorum,
1807 4385 1943 4439 tam
1985 4372 2436 4454 Curatornm,
2461 4391 2654 4455 quam
2691 4387 2816 4432 non

433 4477 825 4546 Curatorum
867 4475 1322 4544 saecularium
1339 4523 1360 4557 ,
1428 4483 1496 4540 et
1541 4473 1973 4560 Regi-[larium
2037 4473 2600 4559 qualitercumque
2653 4488 2812 4534 com-
