2959 4984
432 264 716 314 Lxxxn:
796 263 1200 316 ENOYCLIOA
1240 263 1337 314 DE
1377 263 1640 316 DIEBUS
1682 265 1930 318 FESTIS
1968 266 2029 314 A.
2067 259 2224 315 1858.
2425 262 2530 318 575

114 431 305 494 cium
366 437 670 514 suprema
720 425 965 491 Nostra
1026 425 1401 492 auctoritate
1462 425 1946 508 confirmamus,
2006 449 2081 490 ac
2123 427 2338 494 denuo
2386 451 2534 494 con-

117 529 499 612 stituimus,
554 528 889 608 volumus,
932 525 1363 614 praecipimus
1412 535 1479 590 et
1525 525 1922 592 mandamus.
1985 527 2088 593 Ac
2129 530 2540 616 persuasissi-

116 653 312 694 mum
372 639 631 712 quo‘que
675 626 883 692 Nobis
936 635 1068 706 est,
1132 625 1273 691 Vos
1331 625 1683 692 maximam
1739 626 2141 694 adhibituros
2187 650 2328 694 esse
2370 630 2535 717 vigi-

118 729 421 810 lantiam,
464 737 537 792 ut
581 727 939 792 animarum
985 733 1315 792 curatores
1355 726 1522 791 hanc
1563 727 1757 791 etiam
1803 726 1900 790 sui
1949 729 2238 794 muneris
2289 739 2542 817 partem

122 829 495 916 diligenter
540 827 889 914 impleant,
964 849 1041 892 ac
1104 826 1393 892 studiose
1452 828 1802 891 observent
1831 875 1850 909 ‚
1921 849 2084 912 quae
2143 853 2180 893 a
2221 829 2430 895 Nobis
2471 830 2542 894 in

122 931 317 994 hisce
350 927 616 994 Litteris
666 936 905 992 statuta
951 935 1143 1012 atque
1188 927 1433 992 sancita
1476 937 1647 991 sunt.
1697 926 2016 1014 Optamus
2061 940 2276 994 autem
2317 936 2392 994 ut
2433 930 2544 994 ha-

125 1041 283 1096 rum
342 1026 737 1092 Litterarum
812 1026 1153 1114 exemplar
1226 1025 1296 1090 in
1350 1026 1702 1092 Tabulario
1779 1027 2162 1115 episcopalis
2231 1031 2543 1116 cujusque

126 1137 436 1193 vestrum
480 1125 719 1192 Curiae
757 1137 1077 1215 perpetuo
1120 1135 1510 1192 asservetur.

314 1227 484 1294 Cum
522 1238 762 1310 autem,
800 1227 1231 1293 Venerabiles
1248 1226 1530 1307 Fratres,
1553 1227 1759 1313 probe
1791 1227 2091 1310 noscatis,
2133 1239 2541 1296 sacrosancto

128 1330 381 1396 Missae
408 1327 725 1393 sacrificio
768 1349 1073 1413 magnam
1110 1327 1323 1392 fidelis
1356 1327 1584 1413 populi
1623 1326 1938 1392 contineri
1967 1329 2420 1413 eruditionem,
2458 1351 2542 1395 ne

128 1427 583 1496 intermittatis
627 1449 913 1512 unquam
952 1428 1277 1514 parochos
1320 1428 1742 1514 praesertim,
1786 1427 2074 1513 aliosque
2123 1429 2322 1495 divini
2361 1430 2545 1496 verbi

134 1551 526 1618 praecones,
566 1537 634 1592 et
680 1549 789 1592 eos
828 1527 1060 1612 quibus
1106 1527 1563 1592 demandatum
1595 1535 1692 1592 est
1735 1549 1968 1593 munus
2003 1528 2345 1593 erudiendi
2381 1529 2546 1595 chri-

134 1631 425 1696 stianum
458 1628 794 1715 populum,
816 1649 1103 1712 monere,
1129 1627 1397 1710 hortari,
1435 1638 1508 1692 ut
1537 1626 1840 1693 fidelibus
1875 1629 2134 1717 populis
2177 1639 2307 1694 tam
2349 1627 2548 1695 sancti

134 1742 410 1814 tamque
435 1728 830 1794 admirabilis
859 1725 1173 1793 Sacrificii
1213 1727 1687 1810 necessitatem,
1705 1728 2182 1814 praestantiam,
2227 1728 2545 1814 magnitu-

138 1831 411 1910 dinem,
451 1827 691 1911 finem,
751 1827 997 1892 fructus
1042 1826 1512 1893 studiosissime
1559 1835 1624 1890 et
1667 1827 2144 1892 accuratissime
2191 1840 2542 1916 exponant,

140 1928 501 2017 explicent,
542 1951 617 1993 ac
660 1926 852 1991 simul
888 1926 1121 1992 fideles
1146 1927 1325 2014 ipsos
1360 1925 1667 2010 excitent,
1713 1925 2136 2012 inflamment,
2170 1949 2296 2012 quo
2331 1930 2546 1996 eidem

142 2028 487 2096 Sacrificio
532 2049 639 2112 ea,
685 2049 810 2113 qua
852 2048 970 2113 par
1016 2035 1135 2110 est,
1179 2026 1335 2111 fide,
1384 2026 1712 2111 religione
1753 2049 1828 2090 ac
1868 2025 2112 2112 pietate
2155 2029 2546 2113 frequentis-

142 2131 317 2197 sime
346 2127 687 2210 ‘intersint,‘
714 2135 789 2191 ut
817 2126 1099 2192 divinam
1130 2125 1666 2210 misericordiam,
1715 2134 1781 2190 et
1813 2147 2025 2208 omne,
2069 2149 2196 2212 quo
2225 2128 2546 2213 indigent,

140 2227 623 2296 beneficiorum
668 2247 877 2314 genus
922 2227 1044 2292 sibi
1086 2247 1462 2313 comparare
1497 2236 1757 2310 queant.
1803 2226 2038 2311 Neque
2069 2227 2376 2292 desinatis
2413 2250 2548 2292 om-

148 2351 310 2395 nem
354 2349 620 2417 operam
650 2335 717 2391 et
748 2327 1126 2392 industriam
1156 2325 1576 2412 impendere,
1637 2334 1709 2390 ut
1737 2335 2100 2391 vestrarum
2127 2326 2549 2392 Dioecesium

152 2427 555 2499 Sacerdotes
598 2449 673 2492 ea
716 2447 975 2490 morum
1016 2424 1429 2512 integritate,
1484 2423 1832 2510 gravitate,
1898 2447 2101 2510 eaque
2143 2427 2337 2490 totius
2380 2427 2553 2514 vitae

148 2529 547 2611 innocentia,
588 2526 924 2592 sanctitate
970 2525 1312 2606 emineant,
1358 2546 1524 2610 quae
1561 2525 1711 2589 illos
1757 2525 2016 2590 omnino
2064 2526 2272 2608 decet,
2321 2526 2552 2611 quibus

151 2629 305 2694 unis
360 2628 583 2693 datum
644 2635 743 2692 est
794 2625 1080 2690 divinam
1127 2629 1511 2691 consecrare
1551 2625 1848 2690 Hostiam
1869 2673 1888 2708 ,
1953 2648 2028 2690 ac
2070 2637 2201 2691 tam
2244 2635 2554 2708 sanctum,

150 2738 423 2812 tamque
460 2725 875 2792 tremendum
912 2725 1232 2812 perficere
1276 2721 1700 2790 Sacrificium.
1745 2724 2064 2806 Quocirca
2105 2747 2330 2790 omnes
2373 2747 2552 2790 sanc-

152 2826 409 2892 tissimo
442 2825 837 2895 Sacerdotio
888 2825 1171 2890 initiatos
1216 2824 1411 2889 etiam
1454 2835 1650 2909 atque
1697 2823 1890 2890 etiam
1931 2833 2194 2890 monete
2213 2877 2234 2910 ,
2299 2835 2555 2912 urgete,

152 2935 231 2990 ut
294 2925 463 2990 serio
522 2925 909 2990 meditantes
954 2922 1423 3007 ministerium,
1489 2923 1666 3008 quod
1706 2932 2104 3010 acceperunt
2141 2925 2210 2989 in
2245 2926 2554 3010 Domino,

152 3024 329 3090 illud
369 3024 681 3111 impleant
702 3073 723 3107 ,
786 3035 851 3088 et
896 3024 1302 3089 continenter
1342 3047 1668 3092 memores
1711 3023 2075 3112 dignitatis,
2137 3049 2212 3091 ac
2253 3025 2555 3092 coelestis

152 3125 515 3213 potestatis,
561 3147 689 3210 qua
722 3124 999 3210 praediti
1038 3135 1210 3208 sunt,
1250 3125 1564 3189 virtutum
1596 3125 1883 3190 omnium
1927 3126 2298 3213 splendore,
2341 3148 2418 3191 ac
2456 3149 2554 3190 sa-

150 3224 387 3290 lutaris
430 3225 761 3292 doctrinae
802 3224 995 3290 laude
1036 3225 1434 3310 refulgeant,
1480 3245 1858 3310 summaque
1901 3225 2100 3290 animi
2143 3226 2557 3292 contentione

150 3327 229 3392 in
292 3324 581 3391 divinum
626 3326 871 3390 cultum
910 3324 1289 3410 divinasque
1334 3345 1441 3388 res
1485 3333 1550 3388 et
1590 3323 1946 3390 animarum
1997 3326 2273 3391 salutem
2314 3327 2556 3392 incum-

153 3429 355 3510 bant,
421 3449 497 3490 ac
554 3424 771 3512 seipos
813 3425 1091 3490 hostiam
1127 3424 1341 3489 vivam
1386 3434 1453 3490 et
1501 3434 1784 3490 sanctam
1822 3425 2108 3490 Domino
2153 3426 2557 3511 exhibentes,

152 3537 237 3594 ut
292 3525 859 3592 mortificationem
904 3525 952 3593 J
954 3547 1070 3590 esu
1127 3525 1197 3590 in
1256 3547 1373 3590 suo
1437 3545 1714 3610 corpore
1760 3546 2020 3611 semper
2065 3525 2558 3590 cicumferentes

150 3625 345 3714 puris
380 3626 695 3710 manibus,
740 3635 805 3690 et
851 3625 1094 3690 mundo
1133 3625 1335 3690 vcorde
1374 3623 1752 3714 placationis
1793 3624 2094 3690 Hostiam
2118 3623 2242 3689 rite
2286 3625 2562 3689 offerant

153 3729 315 3796 Deo
356 3747 476 3812 pro
524 3748 639 3791 sua
678 3749 753 3791 ae
794 3725 995 3791 totius
1036 3725 1264 3790 mundi
1306 3725 1535 3791 salute.

331 3825 639 3910 Denique
679 3824 843 3889 nihil
870 3823 1077 3890 Nobis
1115 3824 1387 3910 gratius,
1424 3823 1853 3891 Venerabiles
1879 3824 2166 3905 Fratres,
2209 3844 2402 3908 quam
2441 3823 2564 3888 hac

156 3924 363 3990 etiam
406 3927 501 3990 uti
546 3924 879 3990 occasione
897 3975 918 4008 ,
966 3933 1041 3989 ut
1080 3924 1321 3989 iterum
1361 3933 1716 4010 testemur,
1765 3936 1830 3990 et
1874 3923 2332 3990 confirmemus
2376 3943 2561 4010 prae-

156 4025 439 4111 cipuam,
486 4025 763 4110 quaVos
806 4047 1033 4092 omnes
1076 4023 1147 4088 in
1176 4024 1461 4090 Domino
1503 4025 1978 4111 prosequimur,
2021 4023 2562 4106 benevolentiam,

154 4148 241 4190 ac
278 4125 474 4190 simul
488 4124 699 4190 Vobis
742 4124 1055 4192 addamus
1094 4125 1365 4209 animos,
1402 4134 1477 4190 ut
1521 4125 1766 4210 majore
1807 4145 2016 4210 usque
2057 4124 2386 4189 alacritate
2413 4142 2558 4208 per·

154 4225 333 4312 gatis
386 4246 613 4289 omnes
658 4224 1029 4312 gravissimi
1070 4225 1411 4312 pastoralis
1453 4223 1655 4290 vestri
1697 4225 1988 4290 muneris
2032 4234 2252 4313 partes
2296 4233 2560 4290 strenuo

158 4347 243 4390 ac
286 4325 515 4390 sedulo
560 4325 780 4412 obire,
836 4338 903 4392 et
942 4326 1375 4392 intentissimo
1420 4325 1636 4390 studio
1681 4323 2066 4391 dilectarum
2107 4325 2327 4390 ovium
2371 4321 2560 4389 saluti

156 4423 725 4510 incolumitatique
764 4426 1125 4492 consulere.
