2959 4984
421 284 532 344 498
982 286 1230 338 Lxxtx.
1301 285 1651 342 REGULAE
1688 285 2259 342 CANOELLARIAB.

425 451 787 543 dispositio,
829 452 1028 518 etiam
1055 451 1292 540 vigore
1317 451 1587 518 alterius
1620 473 1831 518 novae
1874 453 2392 543 supplicationis,
2431 457 2543 522 vel
2582 459 2845 546 gratiae

429 553 608 620 dicto
649 549 1043 642 supplicanti
1081 572 1206 640 per
1245 552 1494 618 obitum
1533 551 1911 638 hujusmodi
1956 553 2175 620 denuo
2220 555 2561 624 faciendae
2594 559 2846 625 nullius

427 654 558 720 sint
597 653 874 738 roboris,
912 651 1022 716 vel
1061 652 1396 718 momenti.

593 756 656 836 §-
701 753 805 820 22.
889 752 1059 818 Item
1115 751 1324 818 voluit
1341 803 1361 837 ,
1423 753 1605 840 quod
1660 762 1965 843 petentes
2020 756 2341 823 benefida
2398 758 2851 826 ecclesiastica

429 856 576 922 aliis
627 853 802 920 uniri
855 861 1204 920 teneantur
1255 854 1631 942 exprimere
1686 875 1917 920 verum
1956 875 2243 922 annuum
2280 857 2570 924 valorem
2610 877 2849 926 secun-

431 957 588 1024 dum
609 973 1020 1021 communem
1041 953 1579 1038 aestimationem,
1614 965 1747 1019 tam
1772 955 2081 1020 beneficii
2100 957 2398 1043 uniendi,
2428 979 2619 1045 quam
2637 959 2849 1045 iliius,

437 1055 542 1122 cui
579 1055 754 1122 uniri
794 1055 1042 1142 petitur
1055 1105 1075 1139 ,
1127 1053 1418 1140 alioquin
1457 1054 1613 1120 unio
1654 1075 1790 1120 non
1828 1055 2071 1142 valeat,
2130 1067 2199 1122 et
2242 1079 2503 1146 semper
2548 1060 2617 1126 in
2652 1061 2849 1126 unio-

435 1156 628 1222 nibus
692 1153 1056 1220 commissio
1111 1154 1226 1220 fiat
1283 1154 1368 1219 ad
1409 1164 1669 1243 partes,
1726 1155 1975 1220 vocatis
2032 1175 2312 1242 quorum
2378 1159 2687 1224 interest-t
2764 1159 2851 1226 Et

433 1257 611 1324 idem
652 1255 862 1320 voluit
921 1254 1254 1321 observari
1319 1254 1390 1320 in
1455 1255 1792 1342 quibusvis
1858 1259 2423 1346 suppressionibus
2484 1261 2851 1350 perpetuis,

437 1353 970 1422 concessionibus
989 1405 1010 1440 ,
1061 1354 1765 1442 dismembrationibus,
1808 1365 1879 1422 et
1910 1358 2475 1446 applicationibus,
2516 1361 2723 1426 etiam
2764 1361 2849 1428 de

439 1457 964 1542 quibuscumque
1011 1454 1354 1541 fructibus,
1399 1465 1466 1522 et
1490 1456 1677 1524 bonis
1708 1456 2187 1544 eccledasticis,
2228 1483 2307 1526 ac
2332 1460 2526 1526 ctiam
2570 1459 2639 1526 in
2688 1485 2849 1528 con-

441 1555 920 1624 firmationibus
961 1556 1298 1640 unionum,
1329 1556 1869 1642 singularumque
1908 1557 2407 1647 dispositionum
2444 1560 2846 1646 hujusmodi.

602 1657 664 1738 §-
705 1655 810 1724 23.
892 1655 1064 1722 Item
1115 1655 1202 1722 de
1247 1656 1765 1724 mendicantibus
1816 1658 2287 1724 transferendis
2300 1707 2321 1742 ‚
2396 1660 2515 1745 qui·
2546 1661 2636 1726 ad
2658 1663 2845 1728 'alios

435 1757 703 1823 ordines
761 1756 1136 1824 transierint
1195 1776 1318 1846 pro
1359 1764 1695 1846 tempore,
1758 1758 1971 1826 veluit
2012 1759 2537 1832 constitutionem
2576 1759 2699 1826 fel.
2747 1783 2847 1828 re·

437 1857 616 1924 cord.
661 1856 922 1924 Martini
961 1877 1174 1946 papae
1197 1855 1282 1922 V.
1328 1857 1857 1945 praedecessoris
1900 1858 2003 1924 sui
2046 1859 2331 1949 desuper
2368 1861 2619 1944 factam,
2666 1871 2745 1927 et
2781 1863 2846 1929 in

433 1957 604 2024 libro
651 1956 1098 2024 cancellariae
1154 1957 1547 2044 apostolicae
1594 1956 2028 2047 descriptam,
2094 1979 2269 2046 quae
2302 1960 2571 2050 incipit.
2632 1961 2837 2028 Viam

441 2057 818 2126 ambitiosae
863 2055 1230 2144 cupiditatis
1269 2065 1392 2122 etc.
1434 2055 1711 2124 firmiter
1754 2059 2103 2125 observari.

615 2161 674 2242 ἓ.
715 2158 820 2224 24.
903 2157 1076 2222 Item
1131 2155 1218 2222 de
1269 2155 1525 2222 clericis
1568 2166 1757 2224 extra
1792 2167 2093 2247 tempora
2132 2181 2173 2224 a
2198 2159 2353 2245 jure
2394 2167 2659 2244 sumta,
2708 2161 2847 2227 sive

439 2269 590 2326 ante
631 2267 910 2326 aetatem
949 2256 1331 2344 legitimam,
1373 2267 1494 2324 aut
1528 2259 1775 2345 absque
1818 2258 2199 2326 dimissoriis
2242 2260 2451 2326 literis
2492 2261 2581 2325 ad
2620 2280 2845 2327 sacros

439 2362 706 2429 ordines
745 2383 818 2428 se
861 2359 1236 2449 promoveri
1277 2358 1661 2426 facientibus
1702 2383 1825 2448 pro
1868 2369 2186 2450 tempore,
2232 2361 2426 2428 etiam
2454 2362 2667 2428 voluit
2690 2385 2843 2427 con-

441 2463 840 2530 stitutionem
899 2460 1047 2547 piae
1107 2481 1302 2526 mem.
1345 2459 1450 2525 Pii
1510 2461 1781 2526 secundi
1836 2461 2135 2530 similiter
2174 2461 2703 2552 praedecessoris
2752 2464 2847 2529 sui

443 2562 730 2650 desuper
773 2560 1034 2645 editam,
1077 2568 1148 2626 et
1181 2559 1254 2624 in
1303 2559 1513 2626 dictae
1562 2559 2004 2628 cancellariae
2044 2563 2469 2652 Apostolicae
2488 2563 2685 2630 -libro
2731 2563 2845 2628 de-

441 2662 783 2750 scriptam,
847 2681 1020 2746 quae
1071 2659 1338 2748 incipit:
1403 2659 1575 2726 Cum
1638 2681 1727 2728 ex
1768 2659 2123 2728 Sacrorum
2166 2663 2494 2734 Ordinum
2534 2673 2660 2730 etc.
2706 2662 2844 2752 pari

443 2759 638 2826 modo
683 2760 1036 2826 observari.

611 2863 672 2942 §-
713 2861 818 2926 25.
901 2859 1074 2925 Item
1135 2857 1491 2926 declaravit
1546 2859 1727 2926 idem
1768 2859 2093 2930 Dominus
2135 2871 2357 2930 noster
2375 2912 2396 2947 ‚
2460 2863 2639 2950 quod
2678 2863 2843 2930 libra

445 2959 924 3028 Turonensium
963 2981 1336 3048 parvorum,
1387 2969 1456 3026 et
1492 2961 1783 3029 florenus
1824 2963 1970 3028 suri
2012 2964 2098 3029 de
2136 2987 2394 3032 camera·
2425 2987 2552 3054 pro
2590 2963 2841 3050 aequali

443 3061 666 3126 valore
707 3060 778 3128 in
819 3061 1358 3128 concernentibus
1399 3062 1643 3147 literas,
1688 3073 1757 3129 et
1796 3062 2139 3132 Cameram
2178 3065 2631 3154 Apostolicam
2674 3087 2841 3132 com

444 3164 679 3254 putari,
725 3173 792 3230 et
827 3163 1153 3230 aestimari
1191 3165 1494 3232 debeant.

608 3267 669 3347 ἓ.
707 3265 814 3333 26.
896 3265 1068 3332 Item
1109 3265 1482 3354 praedictus
1524 3266 1611 3332 D.
1647 3265 1737 3332 N.
1782 3267 1961 3355 Papa
1998 3266 2227 3351 voluit,
2270 3266 2589 3352 decrevit,
2630 3277 2701 3334 et
2738 3291 2833 3334 or-

451 3365 716 3450 dinavit,
741 3366 918 3452 quod
943 3387 1388 3452 quaecumque
1420 3365 1894 3451 concessiones,
1924 3367 2191 3454 gratiae,
2234 3376 2307 3433 ot
2325 3367 2632 3433 mundata
2654 3369 2837 3434 etiam

453 3475 634 3533 motu
675 3466 964 3556 proprio,
1007 3475 1074 3532 et
1117 3489 1263 3532 eum
1309 3466 1738 3552 derogatione
1778 3467 1971 3554 hujus
2024 3467 2517 3552 constitutionis,
2562 3490 2727 3556 qnae
2760 3471 2837 3536 ab

449 3588 528 3634 eo
581 3589 702 3657 pro
765 3567 1100 3654 quibusvis
1161 3567 1460 3656 personis
1510 3569 1949 3637 emanaverint
2008 3567 2095 3634 de
2146 3568 2557 3658 providendo
2620 3569 2713 3636 eis
2754 3569 2835 3635 de

449 3669 778 3754 quibusvis
835 3667 1174 3734 beneficiis
1211 3668 1531 3735 vacaturis
1580 3691 1703 3756 per
1743 3669 2221 3757 promotionem
2266 3686 2833 3756 quorumcumque,

447 3769 533 3836 ad
575 3768 996 3836 ecelesiarum
1016 3817 1038 3853 ,
1083 3777 1152 3836 et
1187 3768 1729 3834 monasteriorum
1766 3769 2089 3856 regimina
2103 3818 2124 3853 ,
2182 3770 2237 3834 si
2276 3769 2654 3856 hujusmodi
2696 3790 2834 3836 con-

451 3871 797 3956 cessiones,
839 3881 906 3936 et
947 3871 1248 3938 mandata
1289 3871 1464 3938 diem
1485 3871 1911 3958 promotionis
1930 3869 2525 3960 promovendorum
2549 3871 2831 3960 'ipsorum

449 3973 962 4061 praecesserint3
1005 3993 1132 4037 nec
1173 3992 1306 4036 non
1349 3991 1800 4056 quaecumque
1838 3970 2215 4038 collationes
2230 4019 2251 4054 ,
2292 3971 2699 4060 provisiones
2713 4022 2732 4056 ,
2772 3979 2833 4036 et

449 4073 906 4161 dispositiones
944 4095 1064 4162 pro
1109 4081 1406 4160 tempore
1449 4070 1785 4137 faciendae
1826 4071 1911 4137 de
1948 4072 2352 4162 praemissis,
2396 4079 2465 4137 et
2504 4071 2824 4158 quibusvis

449 4173 592 4239 aliis
630 4174 965 4242 beneficiis
997 4174 1444 4242 ecclesiasticis
1477 4175 1935 4257 saecularibus,
1978 4183 2045 4240 et
2066 4174 2497 4264 regularibus,
2529 4194 2695 4260 quae
2722 4193 2829 4262 per

451 4276 953 4361 promovendos,
1001 4277 1110 4342 vel
1145 4277 1569 4344 assumendos
1608 4276 1693 4341 ad
1738 4294 2177 4362 quascumque
2220 4275 2639 4364 praelaturas,
2653 4309 2662 4318 ·
2676 4273 2830 4340 inter

451 4374 710 4438 illarum
749 4377 1094 4442 vacationis
1115 4426 1138 4460 ,
1207 4387 1274 4444 et
1310 4377 1687 4465 hujusmodi
1729 4376 2153 4466 promou'onis
2168 4427 2189 4461 ‚
2242 4377 2351 4442 vel
2382 4373 2829 4466 ‘assumptionis

455 4479 750 4558 tempora
789 4474 1188 4560 simpliciter,
1227 4478 1338 4543 rel
1377 4497 1464 4544 ex
1504 4499 1697 4546 cansa
1734 4477 2223 4566 permutationis
2256 4476 2653 4564 ubicumque
2684 4473 2829 4543 resi-
