2959 4984
589 239 833 296 vam.
909 234 1396 295 CONCORDATA
1435 239 1798 295 Bam-:usta
1836 235 2097 297 Α.1859
2448 240 2556 299 383

151 412 418 495 buerit,-
466 434 504 479 a
546 411 882 481 Gubernio
929 420 996 477 et
1035 414 1115 477 ab
1160 410 1680 498 'Archiepiscopo
1716 409 1893 529 initis
1934 410 2107 477 inter
2148 432 2219 476 se
2264 410 2547 477 consiliis

151 516 275 580 erit
310 514 835 603 praescribenda.

315 630 572 697 Omnes
614 651 773 694 vero
817 628 1368 693 administratores
1388 678 1406 711 ,
1475 636 1617 691 tum
1655 628 2133 693 intercalarium
2175 628 2545 711 fundorum,

154 742 284 797 tum
327 730 664 817 generalis
710 731 1018 817 cujusque
1069 728 1541 795 ecclesiasticae
1586 727 2012 813 fundationis,
2080 729 2163 793 de
2208 730 2441 815 quibus
2484 728 2553 793 in

152 832 454 897 Articulo
509 830 768 897 XVIII.
813 830 1015 895 verba
1059 829 1224 894 facta
1261 838 1448 912 sunt,
1524 852 1610 894 ex
1656 830 1984 894 catholicis
2011 830 2165 895 viris
2200 839 2390 895 erunt
2437 829 2550 894 eli-

150 934 369 1019 gendi,
413 930 666 997 collatis
713 930 886 996 inter
927 929 1339 995 Gubernium
1389 938 1456 994 et
1500 928 2085 1019 Archiepiscopum
2129 930 2433 995 consiliis.

309 1048 476 1116 XX.
561 1045 1080 1134 Archiepiscop'o
1122 1068 1318 1133 porro
1362 1044 1644 1110 liberum
1678 1047 1789 1131 jus
1834 1046 1957 1111 erit
2000 1048 2435 1132 cognoscendi
2478 1071 2553 1113 ac

153 1149 414 1237 penitus
475 1145 860 1235 inspiciendi
931 1146 1244 1232 cujusque
1309 1146 1780 1211 ecclesiasticae
1840 1146 2237 1213 fundationis
2294 1157 2553 1232 statum,

151 1250 505 1331 rationem,
565 1246 856 1312 indolem
899 1254 966 1311 et
1013 1268 1212 1311 onera
1253 1270 1331 1311 ac
1375 1246 1799 1329 documenta,
1858 1268 2027 1332 quae
2068 1248 2155 1313 ad
2198 1248 2553 1334 quamlibet

151 1350 603 1415 fundationem
646 1347 996 1435 pertinent,
1033 1356 1106 1411 ut
1135 1349 1332 1412 rebus
1365 1347 1665 1413 omnibus
1699 1348 1927 1412 sedulo
1955 1348 2319 1437 perpensis,
2362 1355 2555 1435 atque

155 1449 323 1516 initis
381 1470 534 1516 cum
581 1444 950 1513 Gubernio‘
979 1446 1262 1513 consiliis
1282 1496 1302 1530 ,
1373 1447 1581 1537 possit
1626 1448 1925 1513 constitui
1967 1460 2261 1515 accurata
2302 1472 2551 1533 norma,

153 1573 273 1635 qua
307 1546 664 1635 cujuslibet
693 1544 1083 1613 fundationis
1119 1548 1593 1614 ecclesiasticae
1622 1548 2086 1615 administratio
2115 1549 2239 1615 erit
2262 1551 2557 1637 gerenda

156 1662 218 1715 et
273 1650 534 1715 reditus
573 1647 850 1733 singulis
888 1648 1072 1715 annis
1115 1647 1449 1735 erogandi.
1527 1648 1714 1714 Hanc
1758 1648 2023 1735 quidem
2066 1674 2359 1717 normam
2398 1674 2561 1740 prae

157 1750 354 1817 oculis
393 1750 646 1816 habere
704 1756 769 1813 et
825 1750 1012 1833 sequi
1055 1748 1635 1816 debebit‘mixtum
1682 1749 2044 1817 Consilium
2086 1774 2201 1817 seu
2238 1748 2555 1817 Commis-

158 1852 248 1917 sio
291 1851 360 1916 in
401 1848 674 1937 proprio
717 1848 1058 1935 fungendo
1103 1872 1373 1915 munere
1422 1859 1616 1936 atque
1659 1852 1727 1916 in
1788 1852 2235 1920 examinandis
2278 1854 2551 1942 expensi

160 1962 222 2019 et
261 1950 518 2039 accepti
561 1950 938 2016 rationibus.
989 1948 1071 2015 In
1113 1950 1499 2016 stabilienda
1543 1974 1700 2018 vero
1746 1956 1884 2017 rata
1928 1975 2359 2041 expensarum
2406 1976 2555 2042 por·

159 2055 353 2137 tione,
401 2072 570 2137 quae
611 2049 682 2116 in
725 2050 1015 2135 qualibet
1057 2052 1333 2116 ecclesia
1367 2072 1491 2139 pro
1526 2053 1705 2119 cultu
1734 2052 1951 2119 divino
1978 2054 2271 2143 impendi
2305 2054 2557 2138 debeat,

159 2154 508 2243 praecipua
546 2149 708 2216 ratio
757 2151 880 2218 erit
919 2151 1218 2217 habenda
1257 2151 1644 2240 petitionum
1675 2154 2195 2243 Archiepiscopi,
2237 2156 2321 2220 ad
2364 2156 2559 2240 quein

162 2266 382 2344 postea
426 2252 617 2320 unice
645 2250 928 2340 pertinet
971 2252 1436 2340 praescribere,
1481 2254 1813 2338 quomodo
1853 2256 2235 2321 constitutae
2270 2260 2563 2321 'summae

163 2357 228 2423 in
263 2359 487 2446 ipsum
533 2352 822 2418 divinum
857 2352 1102 2417 cultum
1131 2354 1449 2421 tuendum
1477 2355 1937 2441 augendumve
1970 2356 2253 2421 debeant
2282 2356 2559 2443 erog-ari.

165 2456 346 2523 Id‘em
389 2455 948 2543 Archiepiscopus
994 2480 1140 2522 cum
1188 2455 1527 2523 Gubernio
1580 2458 1849 2522 consilia
1890 2456 2081 2522 inibit
2116 2456 2367 2542 quoties
2408 2478 2558 2544 pro--

167 2566 306 2645 pter
367 2556 922 2623 extraordinarias
979 2558 1184 2622 cultus
1229 2556 1645 2623 necessitates
1690 2566 2127 2646 opportunum
2166 2556 2563 2622 existimabit

165 2652 475 2720 adhibere
518 2655 788 2739 reditus,
831 2657 940 2743 qui
983 2657 1251 2743 alicujus
1293 2658 1765 2723 ecclesiasticae
1810 2658 2207 2724 fundationis
2252 2657 2561 2747 expensis

171 2764 576 2841 supererunt.

297 2870 518 2937 XXI.
605 2871 938 2939 Beneficia
994 2898 1032 2939 a
1087 2875 1217 2938 suis
1276 2874 1637 2939 rectoribus
1693 2875 1775 2939 ad
1836 2897 2167 2942 sacrorum
2226 2876 2566 2943 Canonum

168 2992 456 3038 normam
487 2983 675 3040 erunt
710 2971 1215 3041 administranda
1247 2977 1364 3039 sub
1399 2974 1805 3064 inspectione
1831 2986 2368 3043 commemoratae
2401 2978 2564 3043 mix-

169 3080 266 3136 tae
317 3070 810 3141 commissionis,
852 3070 987 3141 Ubi
1018 3095 1174 3141 vero
1211 3075 1531 3141 beneficia
1558 3076 1948 3160 vacaverint,
1996 3078 2375 3143 eorumdem
2403 3082 2572 3144 bona

168 3194 203 3236 a
246 3172 694 3263 Capitulorum
759 3176 1069 3240 ruralium
1133 3175 1501 3241 camerariis
1556 3185 1665 3240 aut
1718 3176 1861 3240 aliis
1921 3177 2111 3261 viris,
2176 3176 2259 3243 de
2328 3178 2561 3263 quibus

173 3270 720 3365 Archiepiscopus
769 3300 916 3341 cum
958 3274 1298 3342 Gubelnio
1345 3278 1719 3361 conveniet,
1787 3276 2438 3361 administrabuntur,
2502 3286 2569 3342 et

173 3374 418 3440 reditus
463 3377 772 3463 cujusque
815 3374 1152 3461 beneficii,
1199 3378 1306 3463 qui
1351 3376 1722 3470 adimpletis
1764 3375 2059 3468 eJusdem
2108 3380 2413 3445 oneribus
2462 3400 2564 3443 su-

169 3485 474 3558 persunt,
533 3464 736 3542 fundo
780 3478 1144 3542 intercalari
1190 3476 1599 3545 attribuenda
1640 3486 1869 3569 erunt,
1938 3478 2061 3543 nisi
2119 3482 2200 3545 ob
2240 3478 2571 3567 pecularia

171 3572 459 3640 locorum
499 3577 803 3663 adjuncta
843 3578 1091 3643 reditus
1135 3577 1260 3665 ipsi
1301 3578 1472 3642 vel
1449 3601 1521 3641 1n
1570 3527 1869 3664 ejusdem
1908 3580 2211 3644 beneficii
2256 3599 2565 3665 augmen-

173 3682 324 3758 tum,
367 3675 538 3741 vel
519 3700 587 3741 m
630 3679 940 3763 majorem
983 3678 1158 3743 illius
1200 3678 1330 3745 loci
1367 3677 1699 3785 Ecclesiae
1745 3678 2087 3744 utilitatem
2135 3688 2245 3744 aut
2287 3680 2567 3745 necessi-

175 3778 370 3841 tatem
413 3777 546 3843 sint
582 3779 938 3863 erogandi.

333 3894 560 3961 XXII.
637 3896 1198 3986 Archiepiscopus
1257 3918 1403 3962 cum
1463 3897 1761 3963 'omnibus
1826 3896 2051 3985 Magni
2108 3899 2313 3967 Ducis
2361 3900 2569 3987 Magi-

175 3996 476 4061 stratibus
523 3995 901 4061 immediate
942 3997 1456 4064 communicabit.

334 4112 595 4179 XXIII.
652 4114 884 4179 Edicta
923 4137 999 4192 ac
1042 4116 1304 4181 decreta
1341 4139 1809 4206 quaecumque,
1852 4142 2015 4207 quae
2058 4144 2205 4186 cum
2246 4118 2570 4208 praesenti

178 4206 622 4280 Conventione
685 4238 818 4280 non
872 4226 1272 4303 congruunt,
1337 4220 1649 4305 abrogata
1688 4230 1870 4304 sunt,
1934 4243 2101 4306 quae
2144 4242 2300 4285 vero
2343 4221 2568 4306 legum

179 4311 596 4402 dispositione
637 4317 854 4383 eidem
895 4316 1332 4387 Conventioni
1375 4323 1819 4407 adversantur,
1863 4326 2298 4389 mutabuntur.

335 4430 589 4498 XXIV.
676 4432 752 4501 Si
795 4458 962 4521 quae
1004 4436 1073 4501 in
1115 4447 1452 4527 posterum
1496 4461 1693 4526 super
1720 4438 1821 4521 iis,
1864 4461 2031 4525 quae
2060 4448 2377 4506 conventa
2400 4450 2571 4523 sunt,
