2959 4984
663 298 793 350 Lv.
871 299 1120 351 BULLA
1157 300 1224 351 D.
1263 298 1350 351 16.
1393 298 1713 353 AUGUSTI
1748 298 1903 355 1821.
2393 304 2500 358 328

91 464 178 530 ad
225 485 496 529 omnem
525 484 792 550 operam
825 462 1101 527 dandam
1145 484 1266 550 pro
1287 461 1795 551 Episcopatuum
1818 466 1898 529 ab
1928 464 2307 555 Apostolica
2334 466 2513 535 Sede

93 566 209 630 vel
257 564 751 651 erigendorum,
795 564 904 627 vel
944 563 1509 628 instaurandorum
1552 564 1959 629 convenienti
1998 565 2345 651 dotatione,
2389 567 2513 633 Le-

94 675 296 751 gatos
345 664 672 729 communi
706 663 997 746 Romam,
1042 663 1234 728 huius
1278 662 1375 727 rei
1419 685 1629 745 causa,
1671 664 2001 729 miserunt.
2050 666 2179 730 Ast
2218 688 2365 732 cum
2408 689 2513 732 res

98 787 337 831 omnes
357 763 870 846 Ecclesiasticae,
903 763 986 829 de
1029 763 1256 848 quibus
1287 772 1504 828 actum
1545 763 1685 846 fuit,
1728 763 2054 829 conciliari
2090 765 2354 832 minime
2395 790 2509 855 po—

96 874 392 947 tuerunt,
439 886 556 952 spe
599 873 815 929 tamen
857 886 989 929 non
1033 862 1414 929 decidentes
1458 864 1601 927 fore
1643 872 1715 927 ut
1760 887 1881 953 pro
1926 866 2285 933 eorundem
2324 867 2508 933 Prin-

97 966 350 1054 cipum,
387 988 464 1029 ac
505 972 784 1029 statuum
827 963 1140 1051 sapientia
1180 963 1438 1028 valeant
1477 962 1627 1028 illae
1673 963 1741 1028 in
1784 972 2119 1052 posterum
2164 968 2505 1054 componi3

99 1088 186 1129 ne
228 1065 488 1129 interea
532 1062 772 1131 Christi
816 1063 1047 1127 fideles
1078 1062 1148 1128 in
1186 1062 1370 1129 dictis
1399 1063 1781 1149 regionibus
1812 1075 2302 1149 commorantes,
2348 1088 2509 1151 quos

97 1167 170 1231 in
214 1165 502 1231 maxima
546 1164 896 1252 spiritualis
941 1162 1282 1249 regiminis
1325 1164 1707 1229 necessitate
1752 1166 2161 1251 agnoscimus
2202 1167 2505 1233 constitu-

99 1276 228 1348 tos,
281 1264 525 1330 diutius
568 1263 850 1351 propriis
899 1262 1327 1327 destituantur
1367 1262 1774 1346 PastoribuS,
1818 1264 1901 1329 ad
1944 1264 2397 1331 nonnullarum
2440 1268 2507 1331 in

99 1365 478 1455 praecipuis
519 1364 809 1451 ipsorum
856 1362 1254 1451 Principum,
1299 1370 1365 1427 et
1405 1371 1685 1428 statuum
1728 1362 2131 1449 Civitatibus,
2176 1388 2251 1430 ac
2292 1364 2508 1433 Terri-

103 1466 294 1532 toriis
389 1464 642 1529 sedium
703 1461 1138 1545 erectionem,
1216 1485 1290 1527 ac
1350 1462 1772 1529 Dioecesium
1854 1464 2514 1553 circumscriptionem

101 1564 609 1656 procedendum
677 1585 820 1629 esse
884 1562 1290 1628 decrevimus
1307 1612 1326 1645 ,
1389 1573 1462 1627 ut
1520 1563 1859 1629 celerrime
1901 1563 2215 1629 Ecclesiis
2254 1565 2385 1631 illis
2430 1566 2513 1633 de

99 1667 236 1733 suis
266 1664 614 1753 Episcopis
655 1663 1006 1752 providere
1053 1662 1418 1729 valeamus:
1462 1673 1794 1730 reservata
1836 1665 2024 1730 nobis
2052 1688 2226 1748 cura,
2272 1665 2509 1733 Catho-

99 1770 270 1835 licos
317 1768 590 1833 aliorum
634 1765 1012 1854 Principum
1054 1765 1369 1848 subditos,
1411 1767 1492 1831 iis
1533 1766 1984 1851 Dioecesibus,
2030 1790 2187 1854 quas
2228 1789 2507 1835 commo-

105 1871 334 1934 diores
378 1866 824 1948 iudicabimus,
869 1866 940 1930 in
982 1874 1317 1954 posterum
1359 1866 1779 1954 adiungendi.

279 1966 426 2053 (Π.)
514 1966 762 2032 Audito
806 1965 1007 2051 igitur
1053 1965 1320 2032 consilio
1355 1967 1817 2033 nonnullorum
1839 1967 2330 2037 Venerabilium
2359 1968 2514 2034 Fra-

111 2080 296 2136 trum
354 2067 745 2133 Nostrorum
763 2114 783 2149 ,
855 2064 1132 2131 Sanctae
1189 2066 1521 2133 Romanae
1560 2066 1893 2133 Ecclesiae
1934 2066 2375 2135 cardinalium
2434 2088 2519 2134 ex

105 2178 292 2235 certa
349 2167 616 2233 scientia
631 2216 652 2249 ,
711 2190 786 2231 ac
827 2176 1074 2231 matura
1118 2166 1586 2233 deliberatione
1627 2168 1922 2251 Nostris,
1968 2169 2183 2255 deque
2232 2170 2514 2259 Aposto-

105 2270 278 2333 licae
322 2267 661 2354 potestatis
701 2266 1141 2355 plenitudine,
1185 2267 1681 2355 supprimimus,
1728 2269 2155 2353 annullamus,
2200 2279 2267 2335 et
2310 2270 2517 2335 extin-

105 2370 374 2457 guimus
423 2367 716 2449 titulum,
762 2365 1369 2448 denominationem,
1413 2375 1725 2449 naturam,
1774 2374 1839 2432 et
1880 2368 2243 2451 essentiam,
2288 2376 2519 2433 totum-

105 2492 238 2557 que
287 2476 697 2557 praesentem
737 2475 972 2531 statum
1005 2466 1362 2533 vacantium
1408 2476 1540 2533 tam
1560 2466 1965 2555 Episcopalis
1992 2466 2322 2533 Ecclesiae
2350 2466 2520 2533 Con-

107 2568 484 2635 stantiensis
502 2615 523 2650 ,
592 2590 783 2652 quam
824 2566 1322 2655 Praepositurae
1365 2590 1523 2633 vere
1566 2567 1807 2633 nullius
1852 2565 1974 2634 Sti.
2020 2568 2159 2633 Viti
2203 2567 2514 2634 Elvacen-

113 2672 204 2735 sis
263 2692 398 2733 una
455 2690 599 2733 cum
662 2666 794 2733 suis
840 2665 1192 2754 Capitulis,
1251 2666 1336 2731 ad
1395 2668 1700 2733 effectum
1741 2668 1949 2733 libere
1992 2666 2393 2757 procedendi
2433 2668 2516 2733 ad

109 2771 289 2837 infra
345 2767 654 2833 dicendas
723 2790 930 2833 novos
989 2766 1429 2833 Ecclesiarum
1494 2769 1853 2835 erectiones
1874 2820 1895 2853 ,
1962 2793 2038 2835 ac
2104 2768 2523 2835 Dioecesium

110 2867 769 2955 circumscriptiones,
819 2875 1014 2952 atque
1057 2867 1330 2931 ulterius
1373 2868 1799 2935 immutamus
1826 2878 2239 2958 praesentem
2286 2879 2520 2935 statum

109 2967 602 3058 Episcopalium
647 2965 1087 3031 Ecclesiamm
1136 2966 1563 3052 Moguntinae
1608 2991 1684 3033 ac
1723 2967 2070 3034 Fuldensis
2090 3019 2109 3052 ,
2154 2970 2245 3034 ita
2288 2978 2357 3035 ut
2398 2970 2511 3033 illa

111 3095 151 3135 a
195 3088 588 3154 quocunque
631 3066 1112 3154 Metropolitico
1152 3066 1296 3132 iure
1325 3066 1823 3156 Archiepiscopi
1852 3066 2339 3134 Mechliniensis
2380 3092 2513 3134 om-

113 3173 278 3239 nino
323 3170 664 3249 subtracta,
713 3176 778 3231 et
805 3188 938 3231 non
967 3166 1242 3255 amplius
1274 3166 1679 3253 dispositioni
1706 3168 2093 3233 Nostrarum
2123 3167 2515 3234 Litterarum

113 3268 652 3357 Apostolicarum
692 3266 976 3353 incipien
1011 3303 1086 3313 —
1123 3265 1256 3349 Qui
1290 3263 1533 3332 Christi
1558 3267 1826 3334 Domini
1871 3304 1947 3314 —
1994 3268 2286 3333 datarum
2322 3268 2514 3334 tertio

118 3368 450 3439 Calendas
466 3365 852 3433 Decembris
887 3365 1039 3429 anni
1075 3365 1404 3431 millesimi
1439 3366 1959 3453 octingentesimi
1999 3367 2190 3454 primi
2236 3368 2524 3434 subiecta

111 3476 488 3549 remaneat3
527 3475 718 3550 atque
741 3465 862 3529 ista
901 3490 938 3529 a
972 3464 1262 3551 regulari
1307 3474 1472 3529 statu
1504 3488 1623 3554 per
1654 3466 1809 3532 alias
1838 3467 2251 3555 Apostolicas
2271 3467 2524 3533 Literas

113 3570 228 3635 fel.
285 3588 482 3633 mem.
501 3564 845 3633 Benedicti
891 3564 1124 3630 decimi
1171 3565 1378 3650 quarti
1403 3564 1937 3634 Praedecessoris
1962 3566 2208 3649 Nostri,
2270 3578 2520 3632 ‘uarum

115 3669 380 3735 initium
405 3704 482 3714 -·-
498 3666 580 3731 In
596 3666 1015 3755 Apostolicae
1048 3702 1126 3714 -
1149 3666 1515 3750 constituto,
1550 3668 1633 3732 ad
1678 3676 1914 3751 statum
1939 3668 2295 3733 secularem
2319 3674 2522 3729 trans-

115 3771 248 3835 lata
273 3767 701 3852 intelligatur,
737 3789 812 3830 ac
841 3766 1124 3849 scientia,
1150 3765 1617 3833 deliberatione
1648 3776 1713 3832 et
1736 3776 2057 3856 potestate
2092 3766 2405 3831 similibus
2441 3764 2525 3828 ad

121 3867 592 3955 omnipotentis
618 3866 750 3933 Dei
790 3866 1089 3953 gloriam,
1133 3867 1537 3933 orthodoxae
1580 3868 1737 3935 fidei
1782 3868 2263 3949 exaltationem,
2307 3874 2375 3928 et
2400 3862 2522 3929 Ca-

123 3970 410 4037 tholicae
456 3968 792 4055 religionis
837 3969 1328 4051 incrementum,
1350 3968 1749 4057 Friburgum
1782 3970 2165 4056 Brisgoviae
2208 3965 2529 4031 civitatem

122 4070 514 4162 principem,
560 4068 922 4135 studiorum
947 4069 1326 4153 Academia,
1366 4070 1641 4156 aliisque
1675 4069 2156 4137 fundationibus
2182 4066 2529 4153 insignem,

123 4184 324 4259 atquo
367 4196 408 4235 a
445 4190 686 4235 novem
717 4170 896 4235 mille
929 4178 998 4233 et
1021 4170 1298 4258 amplius
1334 4168 1601 4237 Civibus
1634 4170 2069 4251 inhabitatam,
2097 4168 2165 4231 in
2208 4166 2531 4231 civitatem

127 4269 801 4359 Archiepiscopalem,
847 4291 921 4334 ac
965 4270 1459 4336 celeberrimum
1490 4270 1838 4360 Templum
1880 4271 2000 4335 sub
2040 4268 2229 4333 titulo
2258 4267 2529 4332 Assum-

121 4372 320 4441 tionis
378 4370 629 4437 Beatae
693 4368 937 4435 Mariae
980 4370 1274 4456 Virginis
1339 4370 1408 4435 in
1461 4370 1824 4436 Ecclesiam
1884 4367 2528 4457 Archiepiscopalem

124 4483 188 4537 et
245 4469 734 4561 parochialem3
805 4472 1173 4558 pariterque
1231 4471 1755 4558 Rottenburgum
1816 4470 1900 4537 ad
1961 4470 2271 4538 Nicarum
2286 4518 2305 4551 ,
2373 4466 2528 4533 olim
