2959 4984
442 261 608 315 LXV.
681 260 1166 316 CONCORDATA
1201 263 1908 319 WIRTEMBERGENSIA
1945 260 2009 313 A„
2045 258 2206 314 1857.
2442 260 2551 317 365

359 425 579 509 sticas,
642 434 780 491 tum
837 427 920 492 ad
983 447 1060 491 ea
1103 426 1440 513 religionis
1486 426 1793 493 exercitia
1834 426 2197 515 pertinent,
2261 448 2423 512 quae
2468 425 2551 491 ad

342 512 789 591 *suscitandam
806 526 1440 612 confirmandamque
1461 526 1759 592 fidelium
1778 528 2088 617 pietatem
2101 528 2518 593 instituuntur
2535 552 2553 610 3

231 626 308 712 f)
357 648 712 693 convocare
757 635 824 691 et
854 627 1184 692 celebrare
1209 625 1555 713 Synodum
1590 626 2037 693 dioecesanam
2064 650 2187 693 nec
2211 649 2344 693 non
2372 626 2553 692 adire

359 726 628 792 concilia
670 726 1125 815 provincialia3

233 825 316 912 g)
355 825 426 891 in
467 824 731 915 propria
770 825 1078 893 Dioecesi
1121 828 1460 913 utriusque
1500 849 1697 893 sexus
1742 828 2036 911 ordines,
2097 850 2212 893 seu
2260 827 2553 915 Congre-

351 926 646 1012 gationes
697 926 1046 1013 'religiosas
1106 952 1146 992 a
1186 925 1424 994 Sancta
1469 925 1649 994 Sede
1702 928 2087 1016 adprobatas
2139 929 2550 1012 constituere,

244 1013 301 1031 Ψ
355 1027 604 1092 collatis
662 1035 878 1092 tamen
919 1027 1210 1113 quolibet
1251 1028 1320 1092 in
1368 1050 1520 1093 casu
1564 1052 1711 1094 cum
1750 1028 1962 1114 Regio
2015 1026 2353 1095 Gubernio
2401 1050 2550 1094 con-

359 1127 538 1193 siliis.

323 1226 472 1293 Art.
515 1227 600 1293 V.
690 1226 932 1293 Causas
979 1250 1202 1293 omnes
1249 1227 1713 1293 ecclesiasticas
1729 1276 1750 1311 ,
1815 1250 1977 1313 quae
2020 1228 2257 1310 fidem,
2323 1224 2553 1297 Sacra-

145 1336 394 1411 menta,
438 1350 646 1393 sacras
686 1328 1070 1411 functiones,
1111 1350 1234 1393 nec
1275 1351 1406 1393 non
1445 1328 1678 1411 officia,
1722 1336 1788 1393 et
1803 1329 1953 1414 jura
1980 1352 2159 1394 sacro
2190 1328 2549 1393 ministerio

149 1428 447 1511 adnexa,
491 1428 864 1516 respiciunt,
904 1428 1210 1518 Episcopi
1274 1428 1553 1494 tribunal
1596 1427 1678 1493 ad
1721 1426 2059 1495 Canonum
2096 1434 2422 1511 norma‘m,
2486 1437 2553 1493 et

131 1529 336 1614 juxta
373 1528 752 1594 Tridentina
793 1529 1082 1594 Decreta
1134 1529 1424 1614 judicat3
1492 1552 1566 1615 ac
1620 1528 1899 1616 proinde
1963 1530 2045 1593 de
2105 1529 2309 1594 causis
2356 1528 2549 1594 etiam

142 1628 731 1695 matrimonialibus
764 1630 1084 1715 judicium
1124 1629 1330 1711 feret,
1377 1626 1649 1695 remisso
1699 1637 1914 1694 tamen
1960 1630 2045 1693 ad
2079 1628 2370 1716 judicem
2408 1650 2549 1694 sae-

145 1728 444 1794 cularem
489 1728 572 1793 de
616 1728 909 1795 civilibus
951 1728 1341 1795 matrimonii
1385 1728 1722 1794 effectibus
1753 1728 2022 1813 judicio.

320 1827 646 1917 Episcopo
689 1830 968 1895 liberum
1013 1829 1136 1894 erit
1180 1828 1587 1894 Clericorum
1626 1828 1911 1894 moribus
1948 1828 2313 1917 invigilare,
2352 1839 2545 1915 atque

146 1928 226 1994 in
275 1951 387 1994 eos
408 1978 430 2012 ,
496 1950 658 2015 quos
697 1938 806 1994 aut
845 1930 1018 1994 vitae
1055 1928 1343 2012 ratione,
1395 1937 1507 1994 aut
1546 1928 2150 2015 quomodocumque
2194 1930 2550 2017 reprehen-

142 2028 336 2093 sione
377 2028 614 2115 dignos
651 2029 993 2113 invenerit,
1036 2051 1283 2119 poenas
1326 2028 1649 2095 canonicis
1690 2029 1948 2115 legibus
1989 2038 2451 2096 consentaneas
2483 2030 2554 2095 in

147 2152 273 2197 suo
319 2129 464 2194 foro
508 2129 832 2215 infligere,
881 2129 1057 2195 salvo
1103 2138 1322 2195 tamen
1367 2130 1672 2195 canonico
1718 2152 2011 2195 recursu.

324 2226 654 2320 Competit
711 2231 869 2295 item
910 2229 1237 2318 Episcopo
1294 2231 1365 2296 in
1423 2228 1621 2297 laicos
1686 2230 2262 2295 ecclesiasticarum
2311 2229 2539 2315 legum

144 2341 668 2417 transgressores
714 2330 999 2396 censuris
1041 2330 1576 2395 animadvertere.

317 2431 505 2496 Licet
547 2431 628 2497 de
662 2432 813 2517 jure
844 2439 1218 2518 patronatus
1247 2430 1460 2516 judex
1487 2429 1953 2495 ecclesiasticus
1981 2438 2350 2515 cognoscat,
2399 2453 2552 2496 con-

153 2532 354 2599 sentit
395 2540 614 2597 tamen
646 2528 885 2597 Sancta
928 2528 1161 2613 Sedes,
1199 2540 1290 2615 ut,
1335 2529 1592 2616 quando
1635 2530 1719 2596 de
1762 2538 2103 2619 patronatu
2142 2530 2356 2595 laicali
2398 2552 2553 2617 aga-

141 2642 271 2717 tur,
315 2630 658 2697 tribunalia
699 2630 1049 2697 saecularia
1081 2630 1377 2717 judicare
1424 2630 1676 2720 possint
1716 2630 1800 2695 de
1842 2630 2089 2695 iuribus
2138 2639 2203 2695 et
2246 2631 2551 2697 oneribus

133 2732 471 2815 civilibus,
513 2754 658 2798 cum
693 2730 1067 2797 huiusmodi
1096 2740 1439 2818 patronatu
1466 2730 1796 2815 connexis,
1838 2752 1961 2796 nec
2000 2753 2132 2796 non
2180 2731 2263 2797 de
2300 2752 2552 2797 succes-

153 2833 342 2899 sione
392 2831 604 2917 quoad
647 2831 928 2897 eundem
971 2839 1382 2920 patronatum
1403 2882 1423 2917 ,
1486 2855 1604 2899 seu
1648 2830 2123 2899 controversiae
2165 2832 2345 2920 ipsae
2384 2831 2556 2897 inter

144 2956 343 3000 veros
389 2941 456 2997 et
493 2933 862 3022 suppositos
900 2940 1206 3022 patronos
1251 2942 1545 3019 agantur,
1592 2955 1710 2999 seu
1737 2933 1911 2998 inter
1954 2932 2423 2998 ecclesiasticos
2460 2932 2554 2997 vi-

140 3059 275 3120 ros,
334 3034 446 3120 qui
489 3036 569 3099 ab
606 3033 840 3098 iisdem
879 3032 1166 3121 patronis
1213 3033 1536 3119 designati
1578 3034 1838 3101 fuerint.

317 3134 714 3223 Temporum
753 3134 1003 3200 ratione
1047 3132 1263 3199 habita
1313 3131 1633 3201 Sanctitas
1673 3132 1809 3200 Sua
1848 3134 2185 3223 permittit,
2231 3143 2303 3199 ut
2349 3133 2554 3199 Cleri-

143 3258 374 3301 corum
417 3257 636 3300 causas
688 3256 870 3299 mere
911 3233 1132 3299 civiles
1151 3283 1173 3317 ,
1213 3234 1416 3301 veluti
1460 3243 1923 3318 contractuum,
1967 3235 2352 3319 debitorum,
2394 3236 2548 3301 hae-

141 3336 517 3418 reditatum,
557 3334 814 3420 judices
861 3334 1222 3401 saeculares
1266 3344 1679 3421 cognoscant,
1728 3328 1794 3399 et
1838 3333 2168 3401 definiant.

317 3436 487 3502 Item
526 3433 768 3502 Sancta
811 3431 1023 3502 Sedes
1066 3435 1306 3520 annuit,
1355 3444 1429 3500 ut
1469 3435 1617 3500 lites
1662 3434 1747 3500 de
1795 3434 2090 3502 civilibus
2123 3435 2399 3521 juribus,
2438 3434 2551 3501 vel

147 3536 458 3603 oneribus
513 3536 962 3619 ecclesiarum,
1030 3536 1531 3619 beneficiorum,
1599 3534 2011 3619 decimarum,
2076 3542 2143 3601 et
2208 3535 2292 3600 de
2343 3556 2542 3601 onere

145 3634 578 3703 construendi
621 3635 918 3701 aedificia
955 3636 1384 3701 ecclesiastica
1423 3636 1496 3701 in
1533 3636 1675 3703 foro
1718 3636 2033 3703 saeculari
2076 3635 2476 3701 dirimantur.

318 3736 570 3801 Eadem
615 3734 698 3801 de
741 3759 930 3801 causa
967 3734 1206 3802 Sancta
1243 3733 1456 3804 Sedes
1500 3759 1634 3801 non
1669 3745 1965 3820 recusat,
2023 3734 2366 3821 quominus
2408 3757 2551 3800 cau·

145 3859 258 3903 sae
301 3836 686 3902 clericorum
727 3859 848 3925 pro
887 3836 1262 3902 'criminibus
1309 3858 1426 3902 seu
1469 3837 1741 3921 delictis,
1793 3858 1957 3923 quae
1998 3835 2379 3925 poenalibus
2410 3834 2540 3902 Re-

149 3937 272 4024 gni
306 3935 566 4022 legibus
611 3935 1228 4021 animadvertuntur,
1279 3936 1363 4003 ad
1403 3936 1688 4002 iudicem
1727 3937 1963 4002 laicum
2006 3936 2399 4019 deferantur,
2446 3934 2551 4000 cui

147 4046 367 4103 tamen
419 4036 788 4120 incumbet,
847 4035 1243 4125 Episcopum
1298 4059 1375 4103 ea
1417 4038 1501 4103 de
1546 4059 1620 4103 re
1666 4039 1907 4123 absque
1976 4059 2157 4102 mora
2204 4026 2549 4101 certiorem

145 4137 456 4205 reddere.
549 4135 746 4221 Quod
795 4136 852 4202 si
888 4136 958 4203 in
995 4137 1206 4202 virum
1250 4137 1747 4204 ecclesiasticum
1790 4136 2056 4221 mortis,
2120 4136 2228 4202 vel
2276 4134 2549 4202 carceris

146 4240 320 4304 ultra
361 4236 872 4323 quinquennium
922 4237 1213 4305 duraturi
1281 4238 1601 4304 sententia
1638 4239 1885 4304 feratur
1910 4286 1931 4321 ,
1993 4237 2319 4327 Episcopo
2389 4258 2552 4302 nun-

149 4362 346 4426 quam
407 4361 544 4405 non
585 4347 727 4405 acta
779 4337 1112 4424 judicialia
1167 4337 1805 4405 communicabantur
1828 4387 1848 4421 ,
1916 4338 2105 4424 eique
2163 4336 2551 4405 condemna-

149 4448 288 4507 tum
353 4439 664 4510 audiendi
731 4439 998 4507 facultas
1066 4439 1183 4505 fiet
1197 4489 1217 4526 ,
1281 4440 1350 4508 in
1415 4448 1725 4528 quantum
1791 4437 2227 4507 necessarium
2298 4438 2409 4525 sit,
2486 4446 2563 4503 ut
