2959 4984
713 282 956 333 Lxxtx.
1031 282 1376 335 REGULAE·
1417 284 1985 337 GANOELLARIAE.
2439 288 2547 343 497

137 471 258 514 sen
297 448 842 537 praesentatione,
889 458 956 515 et
990 448 1394 515 institutione
1433 452 1719 536 illorum,
1762 452 1847 516 ad
1886 474 2045 537 quos
2074 454 2541 521 beneficiorum

135 549 518 635 hujusmodi
567 549 848 631 collatio,
892 550 1178 637 provisio
1195 599 1213 631 ,
1260 549 1526 633 electio‘,
1568 560 1635 615 et
1674 552 2143 639 praesentatio,
2193 574 2327 637 seu·
2352 574 2544 639 quae-

136 648 239 713 vis
310 650 438 713 alia
499 646 837 737 dispositio
907 650 1222 736 pertinet,
1287 672 1407 737 per
1446 652 1797 717 triennium
1842 652 2109 739 pacifice
2162 654 2549 741 possederit,

141 748 532 834 (dummodo
594 749 662 812 in
702 748 1036 813 beneficiis
1102 750 1518 835 hujusmodi,
1590 752 1641 815 si
1700 752 2107 840 dispositioni
2151 756 2545 841 apostolicae

135 870 226 914 ex
269 849 718 913 reservatione
777 846 1072 933 generali
1131 849 1200 913 in
1259 872 1533 938 corpore
1571 852 1739 937 juris
1780 850 1998 915 clausa
2038 859 2369 919 reservata
2410 855 2546 921 fue-

138 948 276 1014 rint
295 997 316 1030 ,
361 967 434 1012 se
475 968 614 1011 non
655 946 1014 1032 intruserit)
1061 968 1258 1035 super
1305 950 1553 1014 eisdem
1593 950 1929 1015 benefieiis
1970 952 2185 1015 taliter
2222 955 2541 1041 possessis

137 1048 472 1113 molestari
513 1056 811 1133 nequeat,
857 1068 976 1111 nec
1019 1069 1150 1111 non
1195 1048 1683 1136 impetrationes
1719 1050 2039 1135 quaslibet
2082 1050 2163 1115 de
2206 1054 2541 1121 beneficiis

131 1147 296 1235 ipsis
345 1146 438 1213 sic
469 1146 784 1235 possessis
829 1146 1048 1229 factas,
1092 1146 1326 1231 irritas,
1377 1158 1444 1213 et
1486 1148 1709 1213 inanes
1750 1150 2001 1215 censeri
2039 1150 2281 1217 debere
2313 1152 2535 1221 decre--

133 1248 249 1330 vit,
295 1246 587 1331 antiquas
631 1246 780 1311 lites
824 1268 1022 1335 super
1057 1247 1188 1311 illis
1231 1257 1438 1313 motas
1481 1250 1741 1335 penitus
1786 1250 2254 1337 extinguendo.

311 1348 370 1427 ξ.
415 1346 518 1411 37.
604 1347 773 1411 Item
812 1346 990 1411 idem
1031 1348 1118 1412 D.
1163 1346 1248 1411 N.
1269 1397 1289 1429 ,
1353 1357 1429 1413 ut
1467 1349 1614 1413 finis
1663 1349 1881 1415 litibus
1924 1352 2201 1417 celerius
2244 1353 2535 1443 impona-

139 1458 272 1530 tur,
317 1456 384 1511 et
423 1446 817 1533 litigantium
841 1456 1144 1534 parcatur
1183 1450 1566 1535 sumptibuS,
1608 1458 1677 1513 et
1700 1449 2025 1537 expensis,
2062 1472 2326 1517 suorum
2357 1474 2541 1543 prae-

129 1548 554 1613 decessorum
599 1546 1194 1630 constitutionibus,
1243 1556 1311 1611 et
1349 1549 1603 1613 statutis
1651 1550 2053 1615 inhaerendo
2076 1600 2095 1633 ,
2162 1554 2417 1639 statuit,
2476 1564 2541 1619 et

129 1648 460 1713 ordinavit
488 1697 509 1726 ,
569 1648 746 1732 quod
801 1647 869 1711 in
929 1648 1139 1712 causis
1195 1646 1667 1735 pendentibus,
1742 1659 1807 1713 et
1868 1670 2025 1734 quas
2082 1650 2151 1714 in
2206 1660 2541 1737 posterum

129 1747 490 1833 contigerit
529 1746 780 1833 agitari,
820 1747 984 1811 nul-li
1025 1758 1174 1811 ante
1217 1746 1629 1813 diffinitivam
1672 1750 2060 1815 sententiam
2095 1750 2291 1814 liceat
2316 1751 2541 1840 appel·

129 1848 294 1930 lare,
337 1864 466 1911 nec
507 1846 884 1935 appellatio,
926 1847 980 1911 si
1023 1847 1222 1912 fuerit
1267 1848 1524 1933 emissa,
1566 1848 1801 1913 debeat
1840 1849 2114 1933 admitti,
2148 1853 2273 1917 nisi
2318 1857 2397 1920 ab
2443 1856 2538 1920 in-

132 1947 562 2013 terlocutoria
580 1995 599 2029 ,
651 1968 814 2031 quae
851 1947 983 2010 vim
1023 1948 1257 2013 habeat
1309 1946 1729 2033 diffinitivae,
1770 1951 1881 2015 vel
1924 1974 1981 2015 a·
2004 1954 2381 2037 gravamine
2422 1956 2537 2023 mi-

123 2049 306 2113 nime
367 2054 806 2112 concernente
865 2045 1216 2132 negocium
1275 2048 1633 2136 principale
1655 2100 1675 2132 ,
1744 2050 1922 2135 quod
1980 2074 2113 2117 non
2168 2055 2372 2141 possit
2414 2077 2537 2143 per

124 2147 634 2237 appellationem
677 2170 714 2211 a
755 2145 1098 2211 diffinitiva
1139 2148 1458 2213 sententia
1496 2150 1805 2236 reparari.
1876 2150 2245 2237 Nullaeque
2302 2176 2533 2219 causae

123 2247 635 2337 appellationum
696 2247 1211 2329 committantur,
1281 2248 1404 2312 nisi
1465 2248 1534 2313 in
1596 2250 2053 2315 commissione
2108 2254 2529 2341 exprimatur,

129 2350 307 2434 quod
353 2346 842 2413 interlocutoria
899 2346 1034 2411 vim
1095 2346 1482 2413 diffinitivae
1526 2348 1761 2413 habeat
1772 2400 1792 2433 ,
1864 2349 1973 2414 vel
2031 2370 2388 2435 gravamen
2454 2354 2537 2419 sit

128 2451 286 2533 tale,
331 2449 509 2535 quod
551 2446 624 2510 in
661 2446 1098 2535 appellatione
1141 2470 1184 2511 a
1211 2446 1555 2512 diffinitiva
1596 2469 1731 2514 non
1746 2449 1961 2513 valeat
2000 2451 2309 2537 reparari.
2350 2452 2535 2517 Alio·-

127 2544 286 2629 quin
323 2545 796 2632 appellationes
818 2592 838 2629 ,
906 2556 976 2611 et
1019 2545 1507 2612 commissiones
1561 2548 1630 2612 in
1660 2558 1994 2635 posterum
2015 2600 2034 2632 ,
2095 2558 2159 2613 et
2216 2550 2536 2635 quidquid

120 2642 280 2708 inde
327 2656 677 2729 sequutum
719 2646 948 2728 fuerit,
989 2644 1232 2711 nullius
1275 2647 1404 2710 sint
1445 2648 1699 2711 roboris
1711 2696 1731 2730 ,
1780 2648 1890 2712 vel
1932 2647 2290 2713 momentiz
2358 2671 2533 2721 com.-

123 2741 542 2809 missionibus
585 2745 1093 2833 appellationum
1128 2746 1266 2831 jam
1294 2744 1630 2829 judicibus
1667 2747 2091 2833 praesentatis
2116 2796 2137 2829 ,
2180 2758 2250 2812 et
2286 2748 2535 2818 exhibi-

118 2841 210 2905 tis
251 2841 327 2905 in
369 2863 484 2907 suo
527 2845 764 2909 robore
801 2844 1262 2931 permansuris,
1307 2844 1376 2907 in
1419 2845 1653 2928 quibus
1694 2845 1837 2910 latis
1874 2866 2069 2933 super
2112 2844 2361 2912 eisdem
2387 2868 2531 2915 sen-

124 2940 389 3023 tentiis,
433 2942 724 3007 secundo
745 2992 765 3025 ,
811 2944 920 3007 vel
965 2944 1236 3008 ulterius
1279 2945 1360 3009 ab
1401 2944 1497 3008 eis
1540 2966 1672 3009 non
1715 2945 1909 3011 liceat
1952 2946 2303 3035 appellare.
2391 2948 2531 3037 Ap-

115 3040 448 3127 pellantes
487 3062 670 3124 vero,
712 3052 781 3106 et
822 3043 1294 3131 appellationes
1341 3044 1535 3109 etism
1580 3046 1661 3110 ab
1705 3045 2229 3130 interlocutoriis,
2275 3058 2339 3112 et
2378 3070 2530 3134 gra-

114 3140 488 3205 vaminibus
529 3138 922 3227 hujusmodi,
965 3164 1102 3225 suo,
1138 3144 1246 3207 vel
1289 3144 1554 3208 alterius
1596 3144 1861 3209 nomine
1911 3158 2415 3233 prosequentes,
2476 3150 2531 3213 si
2622 3170 2629 3179 ·

115 3240 603 3324 succubuerint,
653 3241 830 3305 ultra
869 3262 1192 3329 expensas
1210 3291 1229 3325 ,
1277 3252 1340 3307 et
1387 3242 1655 3325 damna,
1716 3244 1799 3307 ad
1843 3266 2009 3329 quae
2050 3244 2405 3311 reficienda
2450 3246 2532 3313 de

104 3338 266 3423 jure
319 3337 786 3405 condemnatus
845 3340 1258 3428 compellitur
1280 3389 1300 3424 ,
1373 3337 1609 3427 viginti
1668 3342 2067 3409 florenorum
2122 3346 2260 3411 auri
2302 3342 2305 3346 ’
2318 3368 2529 3433 poena

113 3438 544 3504 mulctentur.

291 3538 352 3618 ἓ.
398 3536 503 3603 38.
583 3538 755 3603 Item
793 3537 1058 3622 statuit,
1101 3548 1168 3603 et
1213 3538 1539 3603 ordinavit
1560 3588 1579 3623 ,
1626 3541 1803 3625 quod
1844 3542 1912 3606 in
1955 3544 2520 3609 commissionibus

115 3638 208 3702 de
239 3637 524 3721 justitia,
584 3660 700 3703 seu
743 3637 1064 3703 mandatis
1107 3638 1304 3703 etiam
1345 3639 1925 3724 consistorialibuS,
1991 3664 2112 3730 per
2160 3662 2306 3707 eum
2329 3690 2349 3723 ,
2414 3662 2527 3707 seu

117 3737 208 3803 de
243 3738 386 3821 ejus
429 3738 756 3821 mandato,
799 3739 912 3803 vel
953 3737 1332 3803 auctoritate
1362 3739 1430 3802 in
1470 3740 1683 3805 causis
1697 3788 1719 3823 ,
1763 3741 1832 3805 in
1875 3742 2106 3827 quibus
2150 3742 2527 3810 conclusum

117 3838 384 3921 existat,
435 3837 504 3903 in
547 3849 882 3926 posterum
924 3837 1378 3921 concedendis,
1425 3839 1681 3904 etiamsi
1722 3841 1793 3905 in
1842 3842 1937 3907 eis
1980 3842 2063 3907 de
2110 3841 2523 3907 conclusione

113 3936 496 4022 hujusmodi
533 3937 867 4025 implicite,
913 3938 1026 4003 vel
1071 3936 1381 4025 explicite
1419 3938 1662 4003 mentio
1704 3940 1873 4005 facta
1914 3941 2129 4025 fuerit,
2176 3940 2338 4007 nihil
2370 3962 2518 4005 cen-

113 4047 341 4101 seatur
383 4058 524 4102 esse
565 4058 985 4119 concessum,
1039 4035 1166 4101 nisi
1209 4058 1328 4125 per
1387 4036 1874 4104 concessionem
1933 4040 2305 4126 hujusmodi
2349 4062 2519 4107 eom-

113 4136 490 4219 missionis,
553 4136 768 4203 eidem
811 4136 1210 4202 conclusioni
1228 4186 1250 4220 ,
1311 4158 1388 4201 ae
1443 4138 1774 4225 praesenti
1830 4140 2103 4225 regulae
2168 4138 2523 4226 derogetur

115 4256 462 4324 expresse.

284 4336 348 4417 ξ..
391 4335 494 4402 39.
577 4336 752 4403 Item
779 4336 988 4402 voluit
1003 4385 1024 4420 ,
1083 4343 1152 4401 et
1209 4334 1567 4420 ordinavit,
1624 4334 1800 4419 quod
1862 4338 1915 4401 si
1970 4336 2168 4421 aliqui
2230 4336 2523 4422 religiosi

111 4438 350 4525 petunt
387 4436 655 4521 aliquod
709 4434 1100 4501 beneficium
1147 4434 1242 4500 ,ad
1279 4444 1509 4500 nutum
1566 4434 1913 4503 amovibile
1932 4485 1953 4520 ,
2020 4459 2171 4503 cum
2211 4436 2521 4519 clausula,

177 4538 358 4582 Walter
390 4536 565 4582 Fontes
601 4540 719 4583 ium
749 4539 1078 4583 ecclesiastici.
2056 4540 2127 4593 32
