2959 4984
382 301 451 356 92
751 301 895 353 XIII.
971 301 1451 354 CONCORDATA
1492 296 2114 353 CONSTANTOENSLA
2153 301 2217 351 A.
2262 298 2418 356 1418.

382 467 715 532 Baronum
749 479 1025 550 genere,
1070 465 1175 529 vel
1222 485 1308 529 ex
1346 472 1624 548 utroque
1665 483 1914 549 genere
1957 463 2269 528 militares
2308 464 2376 527 in
2422 462 2803 531 Canonieos

378 564 648 646 admitti,
688 565 901 628 taliter
940 564 1261 650 graduati,
1303 564 1413 648 qui
1458 573 1795 651 acceptare
1838 563 2194 645 voluerint,
2242 563 2296 628 si
2339 563 2554 630 taliter
2601 565 2799 630 nobi-

382 666 502 746 leS,
547 673 619 730 ut
660 664 1109 752 praemittitur,
1155 664 1397 730 fuerint
1436 663 1506 728 in
1535 664 1865 747 EcclesiiS,
1909 663 2178 728 caeteris
2227 664 2418 728 etiam
2455 664 2800 730 nobilibus

386 767 615 832 saltem
656 786 863 849 usque
906 764 989 828 ad
1028 764 1269 828 dictum
1312 787 1656 830 numerum
1698 765 2167 853 praeferantur.

554 867 721 930 Item
765 865 943 948 quod
983 865 1053 929 in
1094 865 1239 930 aliis
1288 865 1649 950 collegiatis
1691 865 2003 930 Ecclesiis
2051 865 2345 930 eiusdem
2386 865 2662 930 nationis
2707 865 2800 930 si-

386 966 624 1030 militer
686 974 871 1030 sexta
934 989 1085 1052 pars
1146 964 1652 1031 Canonicatuum
1725 973 1792 1030 et
1857 965 2386 1030 Praebendarum
2477 965 2800 1052 deinceps

386 1064 579 1129 modo
625 1066 981 1153 praemisso
1048 1066 1452 1148 conferatur,
1511 1065 1673 1130 sicut
1713 1065 2186 1153 praemittitur,
2248 1065 2616 1152 graduatis,
2679 1073 2802 1128 aut

390 1167 617 1232 saltem
662 1167 728 1230 in
774 1167 1097 1231 Medicina
1136 1177 1244 1232 aut
1282 1167 1349 1230 in
1394 1165 1670 1231 Artibus
1709 1165 2041 1252 Magistris
2085 1165 2192 1230 vel
2239 1165 2638 1248 LicentiatiS,
2679 1173 2801 1228 aut

392 1267 458 1331 in
502 1265 865 1351 Theologia
903 1267 1012 1329 vel
1052 1266 1256 1330 altero
1300 1266 1550 1332 Iurium
1587 1266 1982 1334 Baccaluriis
2027 1265 2408 1331 examinatis
2448 1287 2570 1353 per
2611 1265 2794 1350 rigo-

389 1388 550 1448 rem,
600 1389 745 1430 cum
788 1365 1190 1449 limitatione,
1237 1367 1430 1432 modo
1484 1377 1550 1431 et
1595 1366 1824 1432 ordine
1868 1366 2258 1454 supradictO.

552 1467 720 1530 Item
770 1465 943 1549 quod
987 1466 1388 1553 parochiales
1412 1466 1744 1532 Ecclesiae
1793 1466 2104 1532 habentes
2135 1465 2462 1530 communi
2491 1465 2794 1530 aestima-

392 1567 602 1647 tione,
662 1587 825 1648 quae
878 1564 1235 1630 secundum
1287 1566 1524 1630 famam
1579 1566 1904 1654 publicam
1945 1565 2350 1647 attendatur,
2418 1565 2548 1630 duo
2591 1565 2800 1630 millia

397 1665 999 1730 communicantium
1049 1667 1161 1740 vel
1216 1667 1439 1752 plures
1470 1716 1490 1749 ,
1571 1667 1878 1754 deinceps
1937 1689 2068 1732 non
2129 1666 2540 1731 conferantur
2599 1666 2800 1730 etiam

396 1765 779 1853 Apostolica
839 1766 947 1830 vel
1009 1788 1386 1851 quacunque
1449 1767 1574 1832 alia
1611 1768 1986 1832 auctoritate
2007 1817 2027 1850 ,
2087 1767 2210 1830 nisi
2247 1766 2644 1834 Doctoribus
2685 1774 2803 1831 aut

396 1865 768 1930 Licentiatis
810 1865 879 1930 in
922 1888 1100 1930 sacra
1138 1867 1421 1952 Pagina,
1485 1867 1594 1932 vel
1639 1869 1790 1934 Iure
1838 1866 2164 1934 Canonico
2181 1917 2200 1950 ,
2259 1867 2366 1930 vel
2415 1865 2644 1946 Civili,
2685 1867 2800 1930 vel

394 1965 825 2030 Bacealauriis
886 1966 953 2029 in
1008 1966 1370 2052 Theologia
1424 1968 1751 2050 formatis;
1830 1969 1882 2032 si
1941 1977 2159 2036 tamen
2211 1967 2379 2032 infra
2421 1987 2720 2031 mensem
2761 1991 2800 2031 a

398 2076 693 2153 tempore
722 2064 1067 2130 vacationis
1094 2067 1425 2132 Ecclesiae
1468 2069 1959 2152 numerandum,
2003 2069 2367 2156 reperiatur
2398 2067 2616 2132 taliter
2647 2089 2797 2152 gra-

400 2165 663 2247 duatuS,
706 2165 814 2249 qui
858 2187 978 2253 per
1020 2188 1091 2230 se
1132 2167 1239 2231 vel
1282 2177 1770 2255 procuratorem
1812 2168 2096 2234 voluerit
2135 2176 2520 2255 acceptare;
2571 2167 2795 2231 decer-

401 2266 618 2331 nendo
664 2265 918 2331 irritum
960 2276 1025 2331 et
1061 2267 1290 2350 inane,
1332 2269 1387 2333 si
1430 2292 1618 2334 secus
1660 2269 1729 2333 in
1769 2268 2160 2356 praemissiS,
2203 2277 2332 2333 tam
2371 2267 2542 2332 circa
2588 2266 2797 2332 Cano-

400 2366 643 2432 nicatus
710 2376 774 2431 et
813 2366 1228 2434 Praebendas
1290 2391 1481 2454 quam
1536 2369 1940 2457 parochiales
1981 2367 2343 2450 Ecclesias,
2406 2369 2516 2432 vel
2573 2389 2799 2432 eorum

398 2467 645 2552 aliquid
696 2492 734 2532 a
790 2489 1111 2554 quoquam
1176 2469 1399 2554 quavis
1460 2469 1652 2534 etiam
1725 2468 2107 2556 Apostolica
2161 2466 2539 2535 auctoritate
2607 2468 2803 2535 fuerit

398 2575 863 2654 attemptatum.
909 2566 1125 2634 Salvis
1172 2591 1430 2656 semper
1468 2569 1898 2635 laudabilibus
1946 2566 2521 2633 consuetudinibus
2570 2576 2638 2632 et
2675 2575 2797 2632 sta-

399 2667 552 2732 tutis
596 2667 1054 2750 Ecclesiarum,
1098 2691 1260 2752 quae
1314 2669 1686 2756 praemissis
1743 2692 1876 2734 non
1929 2669 2389 2749 adversantur3
2437 2667 2506 2732 in
2551 2676 2810 2738 contra-.

402 2768 569 2832 rium
612 2777 826 2832 autem
873 2768 1253 2835 facientibus
1296 2793 1429 2834 non
1472 2770 1867 2837 obstantibus
1915 2768 2422 2853 quibuscunque.

563 2869 731 2932 Item
778 2877 1091 2952 quatenus
1152 2870 1482 2956 praedicta
1550 2869 1868 2935 ordinatio
1932 2868 2228 2957 pluribus
2269 2861 2510 2954 prosit,
2580 2876 2648 2932 et
2684 2867 2798 2931 hu-

405 2989 631 3032 manae
675 2968 1005 3034 ambitioni
1048 2971 1305 3036 frenum
1362 2972 1748 3060 imponatur,
1796 2970 2082 3052 ordinat,
2139 2968 2360 3032 statuit
2401 2977 2469 3032 et
2513 2967 2804 3032 decernit

400 3067 591 3131 Idem
631 3068 953 3134 Dominus
998 3081 1219 3136 noster
1259 3072 1389 3136 PP.
1416 3121 1435 3154 ,
1504 3071 1680 3156 quod
1724 3070 1954 3157 vigore
1999 3069 2357 3158 praesentis
2405 3068 2798 3134 constitutio—

404 3167 502 3232 nis
547 3189 661 3231 seu
704 3169 1119 3235 ordinationis
1164 3192 1354 3236 nemo
1402 3171 1866 3257 graduatorum
1907 3168 2113 3258 possit
2147 3169 2316 3233 ultra
2357 3190 2560 3232 unum
2601 3172 2794 3236 bene-

402 3261 621 3331 ficium
664 3271 1165 3337 ecclesiasticum
1215 3272 1505 3360 adipisci.

565 3368 734 3432 Item
775 3371 914 3434 vult
956 3372 1131 3455 quod
1170 3372 1237 3436 in
1279 3373 1418 3460 pari
1463 3372 1611 3437 data
1653 3370 1738 3435 ad
1767 3370 2043 3434 eandem
2078 3368 2490 3434 collationem
2524 3369 2798 3455 gradua-

406 3475 507 3530 tus
570 3489 701 3531 non
760 3469 1075 3553 graduato
1135 3472 1538 3558 praeferatur
1597 3460 2070 3558 praerogativis
2133 3478 2198 3533 et
2257 3468 2620 3554 diligentiis
2677 3493 2801 3536 non

407 3568 805 3634 obstantibus
848 3570 1351 3655 quibuscunque.

571 3668 737 3732 Item
784 3670 957 3754 quod
1003 3669 1300 3740 Vicariae
1358 3672 1440 3735 ad
1487 3680 1663 3736 certa
1719 3670 1900 3736 chori
1959 3669 2172 3735 officia
2225 3669 2293 3733 in
2340 3667 2656 3733 Ecclesiis
2705 3691 2799 3732 ca-

404 3768 803 3833 thedralibus
850 3779 915 3833 et
958 3771 1315 3855 collegiatis
1361 3771 1706 3858 deputatae
1749 3793 1880 3835 non
1921 3771 2333 3842 conferantur
2379 3768 2577 3832 etiam
2627 3768 2798 3856 Apo-

409 3869 633 3935 stolica
669 3870 1066 3953 auctoritate,
1110 3871 1233 3936 nisi
1278 3872 1533 3955 talibus,
1581 3871 1689 3956 qui
1726 3871 2098 3937 huiusmodi
2137 3869 2456 3935 beneficia
2491 3869 2801 3934 cantando

408 3979 475 4034 et
515 3969 801 4056 legendo
854 3979 920 4034 et
958 3970 1113 4035 alias
1152 3970 1462 4036 sciverint
1517 3980 1583 4036 et
1623 3972 1910 4060 poterint
1951 3970 2382 4060 personaliter
2423 3967 2798 4058 adimplere.

573 4196 697 4262 III.
785 4195 889 4260 De
934 4193 1242 4260 Amatis.
1358 4196 1465 4260 De
1525 4194 1835 4260 Ecclesiis
1899 4203 1967 4259 et
2021 4194 2432 4260 Monasteriis
2495 4194 2798 4262 Virorum

406 4296 719 4361 duntaxat
754 4297 1127 4362 vacantibus
1168 4305 1236 4360 et
1276 4296 1592 4360 vacaturis
1617 4345 1638 4378 ,
1701 4295 2037 4360 solventur
2091 4317 2212 4383 pro
2255 4297 2571 4364 fructibus
2615 4300 2795 4389 primi

412 4395 591 4460 annis
657 4419 695 4458 a
751 4397 859 4461 die
915 4395 1263 4462 vacationis
1331 4418 1617 4464 summae
1673 4396 2092 4484 pecuniarum
2154 4397 2223 4461 in
2267 4398 2450 4464 libris
2495 4398 2796 4466 Gamerae

412 4494 830 4581 Apostolicae
874 4505 1126 4564 taxatae
1149 4544 1169 4578 ,
1245 4518 1409 4582 quae
1464 4496 1830 4564 communia
1883 4495 2145 4562 servitia
2185 4507 2661 4586 nuncupantur.
2731 4498 2796 4566 Si
