2959 4984
390 268 560 322 XLII.
633 266 878 318 BULLA
921 267 1062 318 PRO
1103 265 1354 320 REGNO
1391 263 1971 342 HANNOYERIANO
2006 263 2069 316 A„
2111 260 2266 316 1824.
2440 261 2547 316 273

317 433 636 520 (XXIII.)
723 433 820 502 Ut
859 435 1126 524 insuper
1167 435 1607 500 commoditati
1646 433 2051 522 Populorum
2104 431 2199 498 sic
2248 439 2323 498 ut
2358 455 2555 522 supra

141 537 532 624 respectivis
569 535 912 623 Episcopis
956 537 1389 602 subiectorum
1435 536 1803 600 consulatur
1829 584 1849 617 ,
1906 525 2441 622 praescribimus,
2483 545 2557 600 ut

147 635 402 718 omnia,
448 644 514 699 et
553 635 816 722 singula
861 636 1244 701 documenta
1285 636 1699 724 respicientia
1742 635 2067 700 Ecclesias
2083 684 2105 718 ,
2164 644 2229 700 et
2269 635 2443 730 Loca
2483 643 2557 700 ut

148 760 350 824 supra
393 735 850 801 dismembrata
867 786 886 820 ,
957 746 1022 801 et
1063 737 1148 801 de
1191 759 1361 803 novo
1407 736 1728 824 applicata
1767 760 1805 800 a
1848 735 2179 802 veteribus
2224 733 2557 802 O'a'neella·

144 839 260 904 riis
313 837 609 919 extrahi,
656 845 722 902 et
767 835 1186 903 Cancellariis
1228 837 1685 921 Dioecesium‚
1745 836 1977 921 quibus
2024 845 2215 902 erunt
2254 835 2555 926 incorpo-

147 946 318 1018 rata,
365 937 648 1002 debeant
689 946 1054 1027 opportuna
1091 937 1300 1004 forma
1343 937 1550 1021 tradi,
1614 946 1807 1034 atque
1850 936 1919 1002 in
1958 937 2036 1002 iis
2084 945 2404 1026 perpetuo
2448 961 2545 1004 as-

149 1059 418 1102 servan.

323 1137 635 1224 (XXIV.)
719 1137 958 1216 Habita
999 1138 1194 1204 modo
1237 1138 1487 1205 ratione
1527 1137 1902 1204 reddituum
1928 1136 2332 1226 Episcopalis
2373 1139 2557 1205 Men-

150 1261 262 1302 sae
307 1237 810 1303 Hildesimensis
853 1238 936 1302 de
980 1261 1162 1304 more
1205 1239 1410 1304 taxari
1450 1239 1520 1304 in
1559 1237 1857 1304 Florenis
1899 1238 2330 1326 septingentis
2374 1239 2557 1323 quin-

153 1339 468 1426 quaginta
519 1361 640 1404 sex
679 1337 846 1409 Auri
909 1340 992 1404 de
1039 1339 1310 1431 Camera
1330 1388 1350 1422 ,
1426 1349 1492 1404 et
1530 1339 1899 1407 huiusmodi
1942 1337 2188 1404 Taxam
2247 1339 2317 1403 in
2375 1339 2557 1406 libris
2636 1403 2661 1429 ,

155 1437 474 1505 Gamerae
513 1439 793 1506 Nostrae
840 1439 1262 1526 Apostolicae
1319 1439 1599 1506 describi
1662 1439 2057 1504 mandamus
2153 1438 2353 1522 Quod
2396 1437 2555 1504 uero
2614 1448 2619 1452 '

161 1549 414 1628 spectat
455 1539 915 1628 Episcopalem
951 1561 1244 1606 mensem
1293 1540 1891 1626 Osnabrugensem,
1940 1539 2196 1624 quando
2241 1540 2423 1606 locus
2466 1541 2557 1604 fa-

157 1649 301 1705 ctus
353 1641 552 1706 fuerit
590 1641 1119 1706 illius-dotationi
1159 1651 1234 1706 ut
1275 1665 1470 1729 supra
1516 1641 1899 1724 enuntiatae,
1943 1639 2303 1705 Ecclesiam
2342 1641 2553 1729 ipsam

154 1741 240 1805 de
283 1763 470 1807 more
539 1740 744 1806 taxari
803 1740 873 1804 in
909 1740 1210 1809 Florenis
1255 1751 1639 1808 sexcentum
1690 1741 2033 1827 sexaginta
2094 1763 2216 1806 sex
2259 1739 2429 1805 Auri
2476 1740 2559 1806 de

155 1839 436 1906 Camera
477 1863 624 1906 cum
668 1839 916 1905 duobus
958 1842 1163 1906 tertiis
1185 1891 1204 1924 ,
1264 1842 1669 1927 eandemque
1718 1842 1961 1907 Taxam
2003 1840 2073 1906 in
2113 1840 2349 1907 Libris
2373 1840 2555 1930 Apo-

157 1941 428 2006 stolicae
469 1939 781 2030 Gamerae
825 1940 1120 2008 similiter
1167 1941 1446 2007 describi
1481 1942 1885 2008 mandamus.

331 2040 604 2126 (XXV.)
665 2041 991 2125 Denique,
1032 2051 1106 2107 ut
1147 2050 1375 2107 cuncta
1416 2067 1454 2108 a
1482 2042 1691 2109 Nobis
1732 2053 1807 2107 ιιι
1846 2065 2041 2133 supra
2086 2041 2397 2130 disposita
2434 2042 2559 2110 rite

156 2141 240 2208 ad
280 2163 474 2206 suum
511 2140 956 2228 perducantur
988 2143 1311 2226 effectum,
1355 2143 1797 2231 supradictum
1820 2143 2236 2208 Franciscum
2261 2142 2563 2229 Egonem

153 2242 558 2330 Episcopum
600 2240 1150 2307 Hildesimensem
1205 2241 1275 2308 in
1317 2243 1548 2308 harum
1590 2243 1983 2310 Litterarum
2030 2242 2558 2332 Apostolicarum

151 2343 650 2427 Exequutorem
697 2359 842 2406 cum
882 2343 1176 2408 omnibus
1225 2354 1290 2409 et
1331 2343 1607 2431 singulis
1649 2342 2066 2426 necessariis,
2142 2353 2209 2407 et
2252 2352 2559 2431 opportu-

155 2444 258 2509 nis
297 2442 706 2508 facultatibus
757 2443 1172 2530 deputamus,
1234 2454 1309 2510 ut
1353 2444 1631 2533 praeviis
1688 2443 2069 2531 respectivis
2125 2442 2559 2508 dotationibus

157 2545 227 2610 in
265 2543 486 2608 valida
526 2543 732 2611 forma
774 2544 1192 2630 perficiendis
1225 2546 1306 2610 ad
1350 2545 1853 2630 uniuscuiusque
1879 2543 2209 2630 Ecclesiae
2256 2565 2401 2608 cum
2442 2565 2559 2609 suo

166 2644 470 2733 Capitulo
512 2667 748 2709 novam
794 2644 1320 2729 ordinationem,
1375 2670 1450 2712 ac
1514 2645 1863 2734 respectivi
1902 2643 2241 2711 Territorii
2282 2643 2561 2711 Dioece-

159 2747 300 2812 sani
340 2744 1022 2832 Circumscriptionem
1061 2746 1443 2834 procedere,
1490 2747 1743 2831 aliaque
1784 2745 1996 2811 omnia
2032 2744 2103 2809 in
2148 2767 2343 2832 supra
2388 2743 2561 2810 ordi-

159 2857 308 2914 nata
349 2867 703 2936 peragere,
745 2854 814 2910 et
858 2855 1173 2929 statuere,
1221 2846 1525 2932 delegata
1568 2847 1689 2912 sibi
1730 2844 2114 2935 Apostolica
2154 2845 2562 2910 Auctoritate

159 2947 390 3030 libere,
435 2970 510 3010 ac
551 2945 728 3010 licite
771 2945 1013 3032 possit,
1073 2955 1136 3010 et
1176 2947 1390 3010 valeat
1413 2995 1432 3029 ,
1475 2956 1668 3031 atque
1710 2945 1983 3010 ulterius
2024 2944 2169 3033 ipso
2213 2945 2559 3012 Francisco

160 3047 378 3134 Egoni
417 3045 743 3134 Episcopo
788 3045 1156 3110 facultatem
1197 3046 1440 3134 pariter
1487 3047 1823 3114 tribuimus
1839 3097 1858 3130 ,
1920 3054 1994 3112 ut
2033 3045 2118 3111 ad
2151 3046 2415 3135 plenam
2454 3069 2558 3112 re-

161 3172 310 3214 rum
357 3144 646 3212 omnium
690 3145 760 3208 in
797 3145 955 3209 locis
993 3147 1379 3233 praesertim
1419 3149 1499 3213 ab
1532 3148 1670 3212 eius
1710 3149 2064 3221 residentia
2097 3149 2363 3214 remotis
2387 3149 2559 3215 Exe-

162 3248 546 3335 quutionem
589 3267 1056 3331 quamcumque
1095 3247 1472 3331 Personam,
1519 3269 1635 3313 seu
1661 3249 1981 3314 Personas
2022 3248 2093 3314 in
2116 3249 2567 3317 Ecclesiastica

157 3348 506 3436 Dignitate
553 3347 980 3429 constitutam,
1026 3348 1136 3411 vel
1188 3348 1562 3414 constitutas
1608 3349 2080 3438 subdelegare,
2108 3375 2184 3417 ac
2226 3359 2357 3417 tam
2401 3352 2565 3441 ipse,
2682 3349 2703 3373 ‘

165 3474 362 3536 quam
413 3449 741 3530 Persona,
781 3448 891 3512 vel
934 3446 1264 3514 Personae
1309 3451 1390 3514 ab
1441 3471 1517 3515 eo
1563 3449 1655 3514 sic
1698 3451 2187 3539 subdeleganda
2203 3501 2223 3535 ,
2268 3452 2378 3516 vel
2420 3454 2568 3517 sub-

163 3552 582 3640 delegandae
627 3574 824 3640 super
867 3575 1270 3637 quacumque
1313 3553 1720 3641 oppositione
1760 3553 1832 3618 in
1873 3552 2047 3619 Actu
2089 3551 2567 3637 Exequutionis

164 3652 548 3719 huiusmodi
595 3652 1084 3737 quomodolibet
1122 3654 1339 3718 forsan
1384 3654 1663 3737 oritura,
1722 3654 1992 3720 servatis
2035 3662 2253 3720 tamen
2302 3650 2446 3716 de
2424 3673 2567 3717 mre

171 3751 550 3835 servandis,
593 3753 784 3820 etiam
827 3753 1212 3837 definitive,
1259 3762 1324 3818 et
1370 3775 1773 3840 quacumque
1822 3753 2259 3847 appellatione
2325 3761 2573 3838 remota

161 3850 618 3942 pronunciare,
654 3851 861 3918 libere
903 3852 1082 3936 item,
1129 3877 1203 3918 ac
1244 3853 1422 3920 licite
1463 3853 1733 3943 possint,
1784 3864 1851 3920 et
1874 3855 2150 3935 valeant,
2196 3877 2271 3918 ac
2297 3834 2569 3938 quilibet

161 3973 396 4019 eorum
437 3953 822 4042 respective
846 3954 1070 4042 possit,
1107 3963 1184 4018 et
1221 3955 1451 4021 valeat.
1509 3991 1517 3999 ·

343 4054 656 4142 (XXVI.)
731 4054 1012 4120 Eidem
992 4078 1261 4144 msuper
1286 4055 1631 4121 Francisco
1662 4056 1878 4142 Egoni
1902 4055 2227 4144 Episcopo
2256 4074 2567 4140 expresse

169 4156 592 4244 iniungimuS,
635 4163 709 4218 ut
754 4155 1056 4242 exempla
1099 4155 1507 4242 singulorum
1540 4155 1881 4238 Actorum,
1921 4163 2050 4218 tam
2078 4175 2199 4241 per
2246 4177 2338 4234 se,
2379 4177 2569 4239 quam

165 4281 318 4324 suos
356 4255 833 4347 subdelegatos
869 4255 938 4320 in
981 4256 1210 4320 harum
1252 4256 1615 4322 litterarum
1655 4253 2179 4345 Exequutionem
2222 4253 2564 4320 conficien-

165 4359 428 4442 dorum,
466 4357 638 4422 intra
681 4355 1216 4441 quadrimestrem
1261 4356 1397 4422 ab
1376 4379 1665 4445 ipsarum
1707 4356 1968 4444 expleta
1990 4353 2447 4472 Exequutione
2486 4356 2570 4421 ad

160 4456 622 4547 Apostolicam
664 4453 975 4521 Sedem
954 4480 1024 4522 ιιι
1067 4456 1432 4523 authentica
1467 4456 1682 4524 forma
1727 4455 2113 4523 transmittat
2152 4455 2223 4522 in
2252 4456 2567 4522 Archivio

223 4560 404 4606 Walter
433 4559 536 4603 Fon
541 4565 558 4602 t
562 4570 611 4604 es
646 4561 694 4603 iu
695 4561 762 4603 ris
798 4562 1128 4605 ecclesiastici
2105 4560 2176 4614 18
