2959 4984
431 295 527 346 VI.
603 291 902 346 REGULA
943 295 1482 350 CHRODOGANGI
1517 291 1847 348 EPISOOPI
1880 295 2255 351 METENSIS.
2468 295 2541 352 37

149 459 324 545 digni
367 468 522 524 sunt
563 466 632 522 et
669 458 1072 524 voluntatem
1113 459 1245 524 Dei
1283 459 1394 524 vel
1445 459 1736 548 episcopi
1800 459 1899 524 sui
1955 459 2315 526 secundum
2378 461 2539 527 divi-

147 583 289 624 num
329 567 758 648 praeceptum
793 558 1229 646 impleverint,
1269 559 1339 622 in
1383 558 1541 624 locis
1586 560 1851 625 illorum
1892 561 2347 646 subrogentur.

811 707 971 796 Cap.
1015 707 1268 773 XXVI.
1358 707 1462 774 De
1509 710 1875 774 cellerario.

303 843 698 910 Cellerarius
741 863 898 907 vero
949 842 1146 908 debet
1191 864 1332 914 esse
1376 843 1610 908 timens
1654 844 1870 909 Deum
1890 892 1909 925 ,
1955 843 2227 924 sobrius,
2271 865 2403 908 non
2446 842 2539 908 vi-

149 945 463 1025 nolentus»,
505 965 640 1008 non
683 941 1117 1008 contentiosus
1144 991 1164 1024 ,
1207 964 1339 1006 non
1374 943 1739 1026 iracundus,
1785 943 1900 1008 sed
1940 943 2303 1025 modestus,
2346 943 2539 1008 mori-

148 1045 260 1107 bus
319 1051 541 1107 cautus
602 1051 668 1106 et
709 1042 953 1125 fidelis,
1019 1050 1083 1106 et
1107 1041 1156 1126 ¹)
1204 1043 1521 1128 quidquid
1562 1044 1887 1132 acceperit
1926 1045 2045 1108 sub
2092 1065 2243 1108 cura
2298 1067 2412 1108 sua
2454 1043 2541 1108 ad

152 1165 304 1230 opus
350 1143 738 1207 clericorum
779 1140 1064 1206 fideliter
1108 1141 1444 1224 custodiat,
1490 1150 1557 1206 et
1596 1144 1736 1208 sine
1773 1143 2058 1208 iussione
2102 1137 2387 1231 episcopi
2418 1142 2539 1224 sui,

153 1250 258 1304 aut
303 1241 412 1326 qui
453 1243 577 1306 sub
617 1241 761 1329 ipso
807 1249 928 1323 est,
975 1240 1140 1304 nihil
1179 1241 1410 1306 faciat:
1475 1251 1543 1305 et
1580 1265 1713 1306 11011
1772 1243 1855 1307 sit
1898 1241 2216 1330 prodigus
2258 1262 2381 1305 nec
2420 1261 2533 1306 ex-

149 1341 444 1428 stirpator
483 1343 876 1408 substantiae
945 1341 1370 1407 clericorum:
1432 1341 1581 1427 quia
1642 1343 1697 1408 si
1739 1343 1935 1408 fuerit
1956 1392 1975 1424 ,
2044 1343 2184 1411 sine
2230 1347 2425 1413 dubio
2466 1349 2537 1414 in

149 1440 246 1504 die
285 1440 508 1507 iudicii
544 1442 918 1508 redditurus
966 1444 1088 1506 erit
1132 1440 1278 1505 Deo
1322 1442 1660 1506 rationem.
1751 1443 1921 1508 Nam
1942 1493 1962 1528 ,
2028 1447 2083 1511 si
2126 1449 2295 1513 bene
2344 1448 2529 1514 mini-

147 1540 456 1622 straverit,
499 1539 778 1628 gradum
820 1541 1060 1607 bonum
1105 1539 1226 1605 sibi
1268 1540 1585 1626 adquiret.

809 1745 969 1834 Cap.
1011 1745 1300 1810 XXVII.
1388 1744 1491 1809 De
1524 1750 1855 1832 portario.

314 1879 640 1946 Portarius
683 1903 848 1944 unus
915 1901 1062 1944 cum
1121 1901 1238 1944 suo
1296 1879 1549 1944 iuniore
1593 1904 1860 1965 annum,
1935 1890 2043 1946 aut
2082 1883 2357 1970 amplius
2385 1932 2406 1966 ,
2478 1885 2533 1950 si

161 1979 451 2068 episcopo
492 1981 844 2069 placuerit,
890 1989 1111 2068 portas
1129 1979 1182 2062 ²)
1206 2030 1226 2063 ,
1279 1980 1581 2062 claustra,
1625 1981 1733 2045 vel
1780 1981 1940 2047 ostia
1979 1982 2313 2048 custodiat.
2402 1985 2535 2069 Qui

159 2081 468 2165 portarius
513 2079 599 2143 sit
639 2079 894 2144 sobrius
920 2078 996 2161 3),
1037 2079 1308 2166 patiens),
1361 2079 1470 2164 qui
1508 2079 1667 2144 sciat
1707 2081 2001 2170 accipere
2042 2103 2424 2171 responsum
2472 2094 2537 2151 et

153 2177 439 2260 reddere,
481 2188 546 2242 et
587 2178 872 2244 fideliter
915 2177 1232 2242 custodiat
1273 2187 1513 2266 portas,
1558 2178 1695 2244 sive
1740 2181 1899 2246 ostia
1940 2181 2231 2265 claustri,
2280 2193 2344 2248 et
2384 2206 2531 2250 con-

151 2285 238 2340 tra
280 2277 446 2342 hunc
494 2287 792 2342 tenorem
831 2279 1047 2342 facere
1104 2300 1237 2342 non
1290 2288 1691 2365 praesumat3
1761 2281 1934 2366 quod
1984 2282 2036 2348 si
2079 2284 2308 2349 fecerit
2330 2334 2349 2367 ,
2419 2307 2530 2350 ex-

152 2378 661 2442 communicetur.
707 2375 940 2444 Claves
986 2399 1142 2442 vero
1185 2387 1515 2466 portarum
1554 2379 1636 2444 ad
1684 2382 2175 2468 completorium
2214 2383 2526 2449 archidia-

151 2495 302 2538 cono
342 2474 614 2542 reddat:
677 2485 742 2540 et
783 2476 840 2540 si
879 2475 1364 2542 archidiaconus
1427 2477 1661 2544 alicubi
1706 2487 1842 2562 est,
1908 2481 2017 2565 qui
2060 2484 2179 2547 sub
2225 2483 2367 2571 ipso
2414 2494 2530 2567 est,

146 2572 302 2660 ipsas
349 2575 564 2640 claves
600 2575 890 2663 recipiat.
2345 2592 2350 2596 '

295 2671 613 2740 Custodes
652 2697 808 2740 vero
837 2675 1253 2742 ecclesiarum
1288 2677 1396 2762 qui
1423 2677 1513 2742 ibi
1543 2678 1889 2764 dormiunt,
1932 2682 2041 2745 vel
2068 2682 2138 2747 in
2164 2683 2528 2750 mansiones

152 2769 315 2836 iuxta
352 2775 616 2863 positaS,
666 2783 928 2840 teneant
971 2775 1320 2860 silentium,
1366 2778 1532 2842 sicut
1578 2781 1777 2845 ceteri
1826 2781 2063 2866 clerici,
2108 2783 2177 2846 in
2221 2793 2527 2868 quantum

145 2883 436 2957 possunt.-
505 2882 576 2938 et
627 2883 778 2962 post
831 2875 1326 2962 completorium
1373 2900 1507 2943 non
1552 2879 1944 2946 manducent
1982 2905 2105 2948 nec
2145 2883 2398 2967 bibant,
2460 2892 2527 2949 et

145 2991 266 3036 non
305 2975 682 3061 permittant
716 2973 978 3058 ingredi
1019 2997 1152 3057 eOS,
1193 2977 1303 3060 qui
1341 2975 1515 3042 foras
1553 2979 1829 3045 claustra
1853 2991 2004 3068 post
2030 2985 2522 3072 completorium

143 3073 583 3138 remanserint:
654 3093 778 3136 nec
833 3093 948 3138 eos
1001 3074 1112 3158 qui
1167 3074 1336 3142 intra
1389 3077 1665 3144 claustra
1720 3090 1873 3146 sunt
1918 3081 2148 3168 egredi
2191 3107 2312 3172 per
2360 3084 2521 3148 ostia

149 3169 252 3234 sibi
295 3173 654 3238 commissa.
747 3172 944 3256 Quod
985 3173 1039 3238 si
1077 3174 1352 3240 fecerint
1364 3187 1410 3258 ,'
1446 3179 1527 3242 ab
1570 3178 1877 3268 episcopo
1897 3229 1916 3264 ,
1972 3183 2081 3246 vel
2124 3184 2232 3268 qui
2276 3187 2395 3250 sub
2440 3207 2517 3250 00

146 3279 292 3353 sunt,
331 3271 720 3337 iudicentur.
2388 3265 2397 3284 ’

149 3429 285 3521 Cap.
327 3434 652 3501 XXVIH.
738 3433 840 3500 De
899 3439 1170 3523 infirmis
1233 3442 1489 3506 clericis
1533 3446 1901 3524 canonicis,
1963 3448 2081 3534 qui
2114 3449 2521 3532 peculiarius

153 3534 229 3594 ad
263 3537 450 3600 zatum
495 3536 788 3600 ordinem
831 3539 1206 3615 innam-int,
1269 3553 1330 3604 et
1371 3566 1504 3606 non
1548 3543 1781 3608 habent
1821 3547 1991 3610 unde
2034 3549 2104 3610 in
2150 3541 2523 3633 infirmitate

673 3638 1156 3703 necessitatibus
1199 3643 1335 3704 suis
1378 3646 1635 3726 possint
1679 3645 1967 3730 implere..

301 3766 373 3834 Si
420 3770 654 3856 aliquis
699 3791 785 3834 ex
827 3772 1001 3836 clero
1047 3773 1423 3858 infirmatur,
1473 3777 1581 3862 qui
1626 3777 1708 3842 ad
1749 3778 1923 3844 hunc
1964 3779 2259 3847 ordinem
2299 3803 2369 3846 se
2405 3803 2518 3871 pe-

151 3865 424 3934 culiarius
463 3869 818 3954 iunxerint,
866 3879 932 3935 et
969 3895 1102 3937 non
1140 3873 1487 3940 habuerint
1517 3879 1691 3942 unde
1732 3879 1800 3943 in
1833 3879 2204 3945 infirmitate
2238 3883 2541 3947 necessi-.

152 3965 360 4032 tatibus
415 3971 546 4034 suis
609 3971 864 4059 possint
924 3973 1240 4061 implere3
1311 3985 1463 4063 post
1523 3979 1897 4068 episcopum
1952 3981 2185 4046 habeat
2242 3981 2324 4046 de
2386 3981 2516 4048 illis

143 4068 462 4134 maximam
507 4093 728 4136 curam
757 4072 1244 4140 archidiaconus
1289 4083 1354 4140 et
1385 4077 1823 4164 primicerius:
1870 4090 1935 4144 et
1962 4090 2226 4145 caveant
2270 4103 2356 4148 ne
2402 4104 2512 4148 ne-

323 4308 372 4376 1)
410 4313 481 4365 al.
523 4329 637 4365 non
678 4312 984 4381 superbus,
1034 4330 1146 4368 non
1183 4315 1397 4386 tardus,
1433 4335 1548 4372 non
1586 4319 2025 4390 prodigus'Pnon
2066 4321 2373 4390 superfluus
2408 4325 2517 4379 dis-

153 4388 333 4458 sipator
371 4397 484 4452 sine
524 4397 741 4464 ordine,
777 4415 892 4452 non
925 4401 1204 4458 remissus.
1365 4404 1425 4473 2)
1468 4409 1542 4460 al.
1580 4410 1773 4476 portas
1808 4407 2101 4478 claustrae,
2143 4427 2241 4464 scu
2274 4412 2515 4466 claustri.

155 4475 198 4542 3)
228 4483 290 4534 al.
329 4482 495 4540 frater
535 4485 844 4556 probabilis
879 4486 1043 4542 vitae.
