2959 4984
938 350 942 355 ,
974 302 1256 353 KAROLI
1293 301 1527 355 MAGNI
1564 302 1627 350 A.
1664 296 1787 350 789.
2512 298 2584 353 73

185 484 284 537 ter
353 494 476 559 per
535 469 916 533 nocturnale
978 469 1084 533 vel
1139 469 1411 555 gradale
1455 466 1741 534 officium
1783 477 2168 554 peragatur,
2235 466 2589 531 secundum

185 573 364 658 quod
423 574 654 635 beatae
711 570 1063 634 memoriae
1121 570 1381 655 genitor
1424 576 1647 633 noster
1686 566 2001 655 Pippinus
2050 568 2195 633 Rex
2238 568 2593 633 decertavit

184 684 255 738 ut
297 675 512 754 fieret,
561 671 818 755 quando
854 670 1260 736 Gallicanum
1308 678 1562 734 cantum
1604 668 1751 733 tulit
1794 670 1875 731 ob
1920 669 2402 735 unanimitatem
2434 695 2587 760 apo—

182 774 447 839 stolicae
499 771 700 853 sediS,
749 780 814 834 et
855 778 1109 835 sanctae
1154 770 1284 833 Dei
1327 768 1679 833 aecclesiae
1722 768 2050 856 pacificam
2100 771 2527 837 concordiam.

897 985 1395 1051 EPIso0P1s‚
1452 984 1871 1073 oMNIBUs.

354 1123 640 1190 LXXX.
729 1122 1082 1187 Statuimus
1128 1120 1405 1206 quoque,
1451 1122 1805 1186 secundum
1847 1122 2020 1207 quod
2067 1130 2133 1187 et
2171 1123 2239 1186 in
2271 1123 2423 1209 lege
2450 1124 2585 1187 Do-

177 1227 400 1291 minus
443 1224 781 1315 praecipit,
827 1232 899 1287 ut
940 1245 1138 1311 opera
1177 1223 1434 1286 servilia
1478 1221 1706 1287 diebus
1748 1222 2083 1287 dominicis
2126 1246 2258 1287 non
2296 1234 2589 1309 agantur,

185 1328 356 1391 sicut
403 1335 468 1391 et
506 1328 716 1389 bonae
757 1323 1104 1387 memoriae
1150 1323 1411 1409 genitor
1455 1345 1638 1387 meus
1680 1322 1748 1387 in
1794 1323 1922 1387 suis
1961 1323 2383 1409 synodalibus
2417 1323 2587 1387 edic-

185 1429 263 1492 tis
311 1426 665 1507 mandavit,
713 1424 885 1508 quod
929 1445 1052 1487 1166
1093 1423 1216 1487 viri
1261 1422 1500 1487 ruralia
1542 1445 1742 1511 opera
1783 1432 2149 1511 exerceant,
2198 1423 2263 1486 id
2311 1432 2426 1506 est,
2470 1446 2593 1489 nec

185 1526 251 1590 in
294 1526 496 1589 vinea
540 1522 844 1605 colenda,
909 1544 1030 1587 nec
1072 1522 1140 1586 111
1187 1522 1425 1609 campis
1469 1522 1711 1586 arando
1732 1572 1752 1604 ,
1798 1523 2129 1605 metendo,
2174 1524 2283 1586 vel
2326 1512 2590 1588 foenum

181 1624 514 1705 secando,
559 1622 667 1684 vel
711 1644 933 1709 sepem
980 1622 1305 1707 ponendO,
1349 1644 1470 1685 nec
1510 1622 1579 1685 in
1623 1622 1799 1687 silvis
1842 1624 2135 1711 stirpare,
2177 1623 2285 1687 vel
2326 1626 2591 1689 arbores

187 1723 511 1805 caedere,
559 1722 667 1784 vel
708 1721 777 1785 in
817 1721 1022 1807 petris
1067 1722 1402 1803 laborare,
1451 1744 1573 1785 nec
1614 1722 1837 1786 domos
1882 1732 2293 1805 construere3
2360 1747 2484 1789 nec
2522 1726 2592 1790 in

181 1832 326 1889 orto
375 1823 708 1903 laborent,
767 1843 889 1885 nec
931 1822 1011 1885 ad
1053 1821 1286 1909 placita
1332 1823 1747 1905 conveniant,
1810 1845 1932 1887 nec
1978 1824 2358 1889 venationes
2402 1846 2587 1891 exer-

182 1932 392 1987 ceant.
436 1922 526 1987 Et
568 1922 691 1985 tria
735 1920 1009 1985 carraria
1061 1934 1259 2009 o'pera
1303 1921 1457 1986 licet
1496 1923 1639 1986 fieri
1681 1924 1749 1986 in
1796 1923 1900 1987 die
1946 1923 2313 2007 domini003
2358 1924 2426 1988 id
2472 1935 2589 2008 est,

179 2024 397 2087 ostilia
443 2046 654 2103 carra,
716 2022 825 2085 vel
867 2021 1204 2105 victualia,
1265 2022 1369 2086 vel
1414 2022 1466 2086 si
1506 2023 1676 2087 forte
1715 2045 1983 2089 necesse
2026 2024 2149 2088 erit
2191 2046 2421 2111 corpus
2476 2048 2582 2090 cu-

181 2123 454 2187 iuslibet
513 2122 752 2185 ducere
813 2122 895 2185 ad
955 2122 1390 2209 sepulchrum.
1475 2122 1645 2187 Item
1702 2123 1977 2189 feminae
2046 2147 2243 2211 opera
2300 2125 2585 2189 textrilia

172 2246 306 2288 non
349 2222 630 2303 faciant,
677 2244 798 2286 nec
842 2223 1143 2310 capulent
1182 2222 1469 2305 vestitos,
1516 2244 1638 2287 nec
1680 2233 2028 2315 consuent,
2096 2225 2203 2288 vel
2246 2226 2587 2312 acupictile

179 2323 458 2404 faciant3
523 2345 648 2386 nec
687 2323 896 2387 lanam
947 2324 1247 2411 carpere,
1293 2346 1416 2388 nec
1461 2323 1666 2388 linum
1709 2325 1955 2388 battare
1974 2373 1992 2405 ,
2054 2345 2177 2387 nec
2218 2324 2286 2388 in
2328 2326 2586 2412 publico

179 2424 574 2488 vestimenta
637 2424 894 2505 lavare,
953 2446 1074 2489 nec
1137 2426 1433 2490 berbices
1496 2426 1771 2491 tundere
1831 2427 2108 2491 habeant
2172 2424 2452 2507 licitum3
2521 2435 2595 2489 ut

189 2523 590 2588 omnimodis
636 2524 845 2589 honor
915 2534 979 2588 61
1017 2526 1278 2610 requies
1341 2525 1470 2590 diei
1520 2526 1879 2591 dominicae
1922 2531 2238 2589 servetur.
2330 2523 2471 2591 Sed
2514 2524 2596 2589 ad

119 2624 126 2630 ’
179 2624 534 2688 missarum
577 2623 962 2713 sollempnia
1021 2626 1101 2689 ad
1160 2626 1500 2690 aeclesiam
1544 2625 1832 2711 undique
1876 2625 2290 2707 conveniant,
2355 2635 2420 2691 et
2458 2626 2591 2689 lau-

185 2723 346 2787 dent
389 2722 611 2787 Deum
659 2724 727 2787 in
775 2726 1069 2791 omnibus
1114 2726 1300 2791 bonis
1345 2748 1510 2811 quae
1555 2726 1741 2792 nobis
1780 2727 1847 2791 in
1891 2727 2003 2791 illa
2051 2726 2157 2791 die
2202 2726 2373 2791 fecit.

1177 2936 1582 2992 OMNIBUS.

341 3071 659 3137 LXXXI.
733 3070 872 3137 Sed
916 3081 983 3136 et
1022 3082 1308 3137 vestrum
1352 3072 1706 3137 videndum
1752 3080 1869 3155 est,
1915 3070 2315 3136 dilectissimi
2362 3078 2428 3133 et
2465 3090 2576 3132 ve-

181 3173 507 3239 nerabiles
550 3180 846 3259 pastores
905 3182 970 3237 61
1019 3181 1308 3237 rectores
1358 3174 1777 3237 aeclesiarum
1818 3172 1985 3255 Dei,
2041 3182 2114 3235 ut
2178 3171 2578 3259 presbiteros

177 3296 342 3359 quos
391 3273 646 3339 mittitis
691 3295 812 3362 per
851 3273 1222 3360 parrochias
1266 3284 1512 3337 vestras
1558 3274 1637 3337 ad
1686 3271 2052 3359 regendum
2079 3321 2098 3355 ,
2166 3281 2230 3335 et
2272 3272 2353 3334 ad
2393 3292 2579 3359 prae-

186 3374 536 3439 dicandum
594 3396 714 3463 per
777 3373 1082 3438 aeclesias
1129 3374 1442 3463 populum
1484 3374 1633 3437 Deo
1691 3373 2117 3453 servientem,
2173 3380 2246 3435 ut
2288 3381 2466 3435 recte
2518 3380 2583 3434 61

183 3474 464 3538 honeste
524 3475 938 3561 praedicent3
1007 3484 1072 3539 61
1126 3497 1258 3539 11011
1313 3473 1534 3538 sinatis
1594 3498 1759 3538 nova
1797 3474 1905 3537 vel
1942 3496 2074 3537 non
2122 3473 2427 3537 canonica
2470 3472 2583 3535 611-

187 3594 346 3657 quos
393 3596 481 3637 ex
523 3597 638 3638 suo
685 3597 900 3658 sensu,
951 3583 1016 3639 et
1053 3598 1185 3639 non
1230 3574 1584 3639 secundum
1632 3574 1977 3661 scripturas
2024 3596 2269 3653 sacraS,
2326 3572 2583 3655 fingere

179 3684 244 3737 et
287 3674 668 3761 praedicare
705 3677 971 3762 populo,
1029 3673 1170 3740 Sed
1215 3684 1278 3738 et
1323 3674 1699 3760 vosmetipsi
1744 3672 1925 3738 utilia
1966 3675 2239 3737 honesta
2284 3679 2349 3733 et
2387 3678 2585 3751 recta,

184 3784 250 3837 et
297 3796 466 3859 quae
509 3774 594 3838 ad
634 3776 830 3839 vitam
875 3776 1119 3841 ducunt
1145 3784 1492 3857 aeternam,
1524 3774 1912 3864 praedicate,
1955 3774 2245 3857 aliosque
2285 3767 2582 3833 instruite

184 3883 258 3937 61
295 3875 460 3939 haec
505 3873 732 3939 eadem
778 3875 1175 3961 praedicent.

341 3992 566 4056 Primo
643 3994 928 4057 omnium
989 3992 1498 4081 praedicandum
1556 4000 1653 4055 est
1704 3986 2000 4056 omnibus
2059 3987 2453 4075 generaliter
2519 3996 2591 4050 ut

181 4090 448 4156 credant
487 4091 750 4156 Patrem
796 4101 861 4155 et
895 4092 1133 4156 Filium
1179 4101 1246 4155 et
1266 4090 1596 4179 Spiritum,
1622 4100 1912 4156 sanctum
1960 4112 2157 4153 unum
2196 4108 2339 4151 esse
2372 4087 2590 4152 Deum

179 4192 709 4282 omnipotentem,
754 4202 1108 4275 aeternum,
1145 4192 1557 4274 invisibilem,
1606 4192 1715 4276 qui
1766 4190 2009 4256 creavit
2054 4188 2301 4253 caelum
2352 4196 2417 4253 et
2460 4196 2587 4251 ter-

178 4314 353 4374 ram,
414 4314 592 4357 mare
653 4301 718 4356 et
761 4292 973 4357 omnia
1019 4314 1181 4377 quae
1221 4292 1290 4357 in
1337 4292 1429 4356 eis
1475 4302 1625 4356 sunt
1647 4342 1666 4375 ,
1729 4302 1793 4356 et
1830 4314 2024 4355 unam
2069 4311 2211 4355 esse
2255 4288 2582 4371 deitatem,

179 4392 593 4457 substantiam
620 4441 641 4474 ,
707 4401 772 4457 et
817 4393 1215 4458 maiestatem
1258 4392 1327 4458 in
1371 4393 1579 4459 tribus
1624 4392 1919 4483 personis
1958 4391 2168 4457 Patris
2217 4399 2281 4455 et
2319 4390 2471 4456 Filii
2519 4398 2587 4455 et

181 4488 463 4579 Spiritus
505 4493 726 4559 sancti.
