2959 4984
158 9 185 12 -
212 7 427 19 —pss-v=--
460 7 505 15 v---
544 9 645 13 -η---ψ-
672 9 681 11 -
704 9 713 11 -ψ
734 9 737 11 v
762 9 827 12 -η-
860 9 907 12 ψ-ψ-
938 9 961 12 --
992 7 1554 15 ,--.,-,----ῄ,--,-,-«,.---,---,

554 295 855 346 XXXVIII.
931 291 1177 344 BULLA
1218 291 1364 342 PRO
1406 288 1651 340 REGNO
1694 285 2099 338 EORUsslco
2139 287 2201 335 A.
2248 280 2401 336 1821.
2544 279 2643 335 ‘251

241 466 454 531 vicem
497 471 816 551 perpetuo
861 457 1304 548 principaliter
1342 455 1669 520 unitarum
1696 454 2055 520 Dioeceses
2098 451 2529 516 efformabunt
2572 471 2647 514 ea

243 567 386 654 ipsa
441 566 625 646 loca,
687 583 850 647 quae
917 567 1060 624 actu
1117 557 1188 622 in
1229 557 1464 622 iisdem
1522 555 1966 636 continentur,
2030 561 2179 641 post
2230 550 2645 616 novissimam

245 665 669 732 Dioecesium
713 659 930 746 Regni
981 657 1276 724 Polonici
1345 681 1384 720 a
1440 655 1649 722 Nobis
1710 663 2035 744 peractam
2094 652 2644 739 Circumscriptio·

250 787 422 847 nem,
469 761 765 850 exceptis·
807 771 1023 824 tamen
1066 757 1501 822 Decanatibus
1544 753 2076 822 Schlochaviensi
2114 790 2197 800 —-
2235 752 2645 835 Tuchelensi,

249 877 318 931 et
359 861 784 944 Came-nemi,
856 899 934 908 -—
999 857 1368 924 Culmcnsis
1413 856 1721 922 Dioecesi
1764 865 1839 920 ut
1881 855 2047 918 infra
2090 853 2469 918 adiiciendis
2488 901 2508 935 ,
2572 876 2647 918 ac

249 975 592 1054 praeterea
609 963 978 1028 Decanatus
999 958 1535 1040 KruszwicensiS,
1573 954 2257 1036 Iunivladislaviensis‚
2288 963 2355 1016 et
2382 953 2647 1019 Gniew-

247 1065 579 1134 kowensis
620 1054 658 1128 a
699 1059 1007 1127 Dioecesi
1048 1057 1585 1122 Wladislaviensi
1630 1055 2017 1142 separandi,
2061 1055 2171 1140 qui
2208 1055 2292 1118 ad
2336 1076 2645 1141 praesens

246 1191 286 1230 a
329 1165 592 1230 Vicario
636 1161 1020 1250 Apostolico
1067 1157 1443 1226 Gedanensi
1506 1157 2051 1238 administrantur,
2097 1177 2217 1220 nec
2264 1177 2395 1218 non
2436 1154 2645 1219 Deca-

251 1275 442 1330 natus
487 1261 1104 1330 Ostrszeszowensis
1165 1268 1230 1323 et
1284 1257 1725 1346 Kempnensis
1784 1255 2202 1342 disiungendi
2265 1279 2303 1318 a
2340 1253 2649 1318 Dioecesi

245 1362 791 1428 Wratislaviensi.
879 1360 1287 1426 Divisionem
1339 1367 1555 1422 autem
1616 1366 1687 1420 et
1744 1356 2247 1442 assignationem
2310 1352 2648 1419 Territorii

245 1463 640 1530 Dioecesani
679 1485 800 1551 pro
842 1485 990 1543 una,
1035 1469 1100 1523 et
1141 1460 1342 1523 altera
1381 1457 1691 1522 Dioecesi
1740 1456 2141 1520 statuendam
2197 1454 2645 1518 infradicendo

240 1563 1089 1654 praesentium‘Literarum
1132 1556 1551 1643 Exequutori
1609 1556 2055 1648 peragendam
2114 1577 2425 1644 expresse
2476 1577 2645 1620 com-

241 1665 577 1730 mittimus.

413 1761 758 1848 (XXXII.)
847 1760 1188 1826 Dioecesis
1233 1760 1639 1849 Episcopalis
1681 1759 2013 1824 Ecclesiae
2062 1758 2460 1842 CulmensiS‚
2518 1758 2645 1824 suf-

247 1865 601 1950 fraganeae
630 1861 1126 1948 Archiepiscopi
1153 1859 1557 1928 Gnesnensis
1604 1869 1669 1924 et
1696 1860 2173 1943 Posnaniensis,
2222 1857 2534 1924 constabit
2564 1879 2651 1922 ex

242 1965 610 2030 biscentum
649 1961 1016 2047 quindecim
1059 1960 1386 2025 Paroeciis
1433 1981 1670 2048 nempe
1717 1983 1863 2024 cum
1906 1961 2037 2025 suis
2078 1960 2442 2048 respective
2487 1956 2646 2024 Suc·

249 2063 650 2144 eux-salibus,
717 2071 782 2125 et
839 2060 1174 2126 Filialibus
1234 2061 1547 2126 Ecclesiis
1608 2083 1693 2126 ex
1734 2061 2169 2126 Decanatibus
2215 2057 2521 2124 Lessensi
2570 2095 2646 2106 --

249 2162 588 2231 Rhedensi
637 2200 713 2210 —-
757 2161 1218 2226 Neumarkano
1265 2199 1342 2208 -—-
1389 2161 1818 2226 Loebaviensi
1856 2198 1932 2208 —-
1975 2159 2541 2245 Lautenburgensi
2570 2195 2646 2208 -·

251 2263 762 2349 Strasburgensi
834 2294 910 2310 ——
986 2262 1373 2328 Gollubensi
1440 2299 1518 2308 —
1576 2262 1985 2327 Thorunensi
2041 2298 2117 2308 —-
2192 2258 2525 2325 Culmensi
2568 2296 2649 2304 —

253 2364 669 2432 Culmseensi
709 2400 803 2421 .—
859 2372 925 2426 et
969 2361 1371 2443 Gurcznensi
1417 2399 1494 2408 —
1559 2386 1705 2427 cum
1746 2361 2055 2427 Paroecia
2100 2359 2427 2424 Bialutten
2489 2381 2651 2422 nun—

253 2474 525 2553 cupata.-
586 2486 750 2548 quae
792 2471 1164 2550 postremae
1207 2462 1336 2528 duo
1381 2463 1539 2527 olim
1579 2461 1917 2527 Dioecesis
1958 2460 2295 2525 Plocensis
2338 2485 2375 2524 a
2420 2460 2649 2524 suffra-

247 2588 464 2652 ganeo
516 2562 848 2629 Culmensi
888 2563 960 2626 in
999 2584 1310 2650 praesens
1357 2562 1926 2627 administrantur:
1989 2561 2275 2644 itemque
2330 2582 2417 2624 ex
2462 2559 2649 2624 deca-

247 2667 505 2731 natibus
552 2701 630 2710 ——-
677 2662 1050 2728 Godanensi
1077 2699 1152 2708 —-
1201 2662 1580 2747 Putzigensi
1626 2699 1702 2710 —-
1733 2661 2189 2728 Mirchaviensi
2228 2698 2304 2708 —-
2342 2659 2649 2724 Dirscha-

246 2764 456 2829 viensi
503 2801 581 2810 -
611 2760 1069 2848 Stargardensi
1099 2800 1174 2810 ·-—
1207 2761 1541 2828 Noevensi
1562 2799 1637 2810 -—
1662 2761 2213 2848 Neuenburgensi
2249 2797 2325 2807 ——
2356 2759 2649 2826 Schwet-

249 2865 427 2928 zensi
471 2901 550 2910 --
599 2861 1138 2948 Lauenburgensi
1184 2900 1260 2910 —-
1306 2861 1837 2928 Schlochaviensi
1867 2899 1943 2910 -—
1978 2861 2370 2927 Tuchelensi
2412 2898 2488 2908 —
2528 2858 2647 2926 Oa-

251 2963 549 3051 menensi
572 3001 650 3010 -
677 2971 742 3027 et
782 2960 1228 3046 Fordonensi3
1271 2963 1380 3048 qui
1411 2963 1781 3028 Decanatus
1830 2963 2086 3052 pridem
2107 2962 2445 3028 Dioecesis
2465 2961 2649 3025 Wla-

251 3062 662 3129 dislaviensis
689 3111 710 3145 ,
779 3086 952 3128 nunc
1013 3065 1092 3130 ab
1142 3064 1464 3129 antedicto
1516 3064 1777 3128 Vicario
1836 3063 2217 3151 Apostolico
2272 3061 2648 3128 Gedanensi

249 3164 797 3246 administrantur,
839 3187 962 3228 nec
1003 3188 1134 3228 non
1180 3186 1266 3228 ex
1306 3163 1665 3228 Territorio
1704 3164 2077 3230 Monasterii
2122 3162 2442 3228 Abbatiae
2484 3186 2645 3227 nun-

251 3275 523 3353 cupatae
574 3263 904 3330 Olivensis
953 3275 1025 3328 ut
1070 3288 1264 3352 supra
1312 3265 1644 3352 suppressi
1691 3287 1775 3329 ex
1809 3260 1986 3329 nunc
2024 3286 2147 3351 pro
2194 3271 2346 3328 tunc
2392 3263 2647 3348 quando

253 3387 340 3430 ex
359 3364 653 3429 Persona
697 3364 992 3429 moderni
1023 3363 1294 3429 Abbatis
1337 3365 1945 3448 quomodocumque
1989 3364 2331 3428 vacaverit.
2370 3363 2457 3428 Et
2492 3385 2647 3448 quo-

253 3467 458 3530 niam-
491 3465 858 3552 expositum
899 3465 1108 3530 Nobis
1169 3465 1292 3529 fuit
1345 3474 1529 3552 aptas
1574 3463 1843 3530 Culmae
1898 3463 2178 3528 deficere
2220 3464 2473 3528 Domos
2530 3485 2649 3550 pro

253 3565 602 3653 Episcopi,
671 3575 737 3629 et
777 3565 1038 3652 capituli
1099 3564 1352 3629 decenti
1395 3564 1789 3629 habitatione
1810 3614 1830 3648 ,
1900 3565 2269 3629 facultatem
2313 3561 2651 3628 tribuimus

260 3665 643 3754 Apostolico
687 3666 916 3730 harum
956 3665 1288 3730 literarum
1311 3665 1738 3750 ExequutOri,
1781 3674 1853 3730 ut
1900 3665 2135 3730 auditis
2183 3663 2497 3726 interesse
2538 3663 2649 3725 ha-

253 3765 593 3848 bentibus,
654 3789 727 3829 ac
767 3787 840 3830 re
883 3775 1132 3830 mature
1172 3787 1493 3852 perpensa
1516 3815 1536 3848 ,
1607 3766 1795 3830 firmo
1853 3770 2229 3830 remanente
2274 3760 2524 3842 Titulo‚
2578 3783 2653 3824 ac

259 3865 788 3931 denominatione
830 3865 1256 3954 Episcopatus
1307 3864 1709 3948 Oulmensis,
1769 3874 1835 3929 et
1890 3861 2267 3952 opportunis
2312 3860 2651 3944 assignatis

253 3965 552 4030 Ecclesia
617 3973 808 4050 atque
871 3966 1171 4048 aedibUS,
1225 3965 1648 4030 residentiam
1690 3964 1996 4052 Episcopi
2059 3972 2123 4027 et
2170 3959 2452 4049 Capituli
2495 3957 2648 4024 Cul-

255 4066 517 4147 mensis‚
561 4066 614 4128 si
652 4066 742 4129 ita
779 4064 848 4128 in
879 4065 1164 4129 Domino
1215 4064 1527 4153 expedire
1573 4064 1990 4145 iudicaverit,
2033 4061 2405 4149 Pelplinum
2444 4069 2648 4124 trans-

249 4165 424 4230 ferre
467 4165 695 4246 libere,
739 4187 812 4228 ac
847 4164 1022 4228 licite
1065 4166 1290 4252 possit,
1336 4173 1402 4229 et
1446 4165 1674 4248 valeat,
1717 4164 1978 4254 proviso
2023 4161 2283 4226 insimul
2324 4180 2648 4244 congruae

259 4267 674 4333 cathedralis
721 4265 1085 4332 Gulmensis
1126 4264 1613 4330 manutentioni.

382 4367 806 4455 (XXXIII.)
865 4366 1418 4431 Wratislaviensis
1464 4363 1867 4454 Episcopah's
1900 4360 2232 4426 Ecclesiae
2277 4359 2427 4425 huic
2470 4359 2652 4448 Apo-

255 4467 517 4534 stolicae.
575 4466 720 4532 sedi
759 4465 1128 4531 immediate
1177 4465 1502 4532 subiectae
1551 4463 1927 4530 Dioecesim
1980 4459 2343 4527 efformabit
2384 4461 2649 4527 actualis
