2959 4984
490 323 632 376 XVI.
710 329 1013 382 EUGENII
1048 333 1140 383 lv,
1178 332 1421 384 BULLA
1464 335 1584 386 Dm
1622 327 1686 386 V.
1723 335 1926 387 FEBR.
1965 339 2028 388 A.
2070 337 2226 392 1447.
2456 345 2556 400 101

186 511 595 599 praebituros,
638 509 694 572 si
734 529 855 596 per
893 529 1007 572 vos
1052 505 1293 570 fuerint
1349 512 1666 591 oportuna
1711 528 1854 570 cum
1893 506 2195 573 instantia
2234 512 2562 595 requisiti:

180 634 308 692 noS,
352 611 471 674 etsi
514 612 756 693 absque
796 606 1252 672 convocatione
1296 608 1447 670 novi
1499 605 1750 674 concilii
1797 605 1921 670 alia
1960 607 2064 672 via
2105 611 2300 675 rebus
2334 611 2559 680 Eccle-

180 710 399 775 clesiae
442 710 672 774 melius
721 707 967 774 consuli
1006 729 1202 794 posse
1246 709 1668 791 arbitremur,
1737 707 2070 795 cupientes
2113 717 2328 777 tamen
2374 715 2560 780 vobis

178 820 238 875 et
276 809 519 874 nationi
562 816 855 889 vestrae,
930 829 1123 891 quam
1166 808 1479 892 singulari
1525 831 1786 896 semper
1826 809 2168 874 affectione
2211 814 2564 899 apostolica

181 911 358 975 sedes
402 915 747 997 prosecuta
792 916 930 989 est,
993 917 1300 992 quantum
1344 931 1491 972 cum
1536 909 1684 973 Deo
1728 930 2089 996 possumuS,
2137 912 2562 999 complacere,

172 1019 603 1075 contentamur
661 1007 835 1096 apud
873 1009 1097 1092 Reges
1166 1017 1230 1071 et
1268 1007 1607 1095 Principes
1653 1006 2056 1073 Christianos
2097 1031 2314 1074 curam
2355 1021 2426 1076 et
2467 1013 2559 1080 di-

179 1109 505 1195 ligentiam
542 1109 851 1173 adhibere
896 1107 1181 1172 fideliter
1204 1156 1223 1189 ,
1269 1116 1343 1170 ut
1380 1107 1465 1171 ad
1503 1116 1726 1172 votum
1769 1115 2058 1172 vestrum
2100 1109 2266 1173 trahi
2308 1111 2566 1178 valeant
2633 1167 2646 1180 .

181 1219 241 1274 et
280 1209 587 1290 conduci,
630 1209 721 1272 ita
762 1207 935 1292 quod
976 1207 1044 1270 in
1086 1230 1215 1271 uno
1264 1229 1351 1272 ex
1397 1207 1680 1292 quinque
1725 1207 1882 1272 loeis
1925 1207 2328 1273 consentiant
2363 1231 2563 1295 gene-

175 1309 303 1374 rale
348 1309 694 1374 concilium
740 1307 1095 1387 convocari,
1140 1307 1317 1392 quod
1358 1307 1528 1372 infra
1567 1307 1795 1372 decem
1835 1332 1872 1372 a
1919 1307 2024 1371 die
2067 1307 2216 1372 dato
2260 1331 2563 1396 praesen-

174 1409 321 1474 tium
366 1407 869 1496 computandos,
938 1407 1335 1472 intendimus
1384 1407 1704 1494 experiri,
1749 1417 1816 1472 et
1856 1407 1908 1472 si
1953 1429 2304 1474 consensus
2340 1410 2560 1478 huius-

176 1510 339 1574 modi
380 1509 611 1583 haberi
655 1507 928 1598 poterit,
968 1508 1038 1572 in
1085 1507 1217 1571 fine
1262 1507 1582 1572 dictorum
1627 1507 1856 1574 decem
1897 1508 2212 1574 mensium
2256 1510 2566 1594 generale

178 1611 531 1694 concilium,
572 1607 655 1672 ad
702 1607 1025 1672 decimum
1058 1615 1350 1671 octavum
1386 1606 1756 1671 immediate
1799 1617 2146 1691 sequentes
2184 1609 2567 1675 initiandum

167 1709 227 1773 in
264 1733 391 1775 uno
438 1733 529 1776 ex
572 1709 1075 1796 praenominatis
1118 1709 1297 1792 locis,
1341 1709 1409 1774 in
1449 1709 1710 1774 nomine
1739 1709 2007 1774 Domini
2047 1710 2558 1776 convocabimus.

168 1808 238 1873 In
273 1819 577 1876 eventum
619 1831 801 1890 ver0,
848 1809 1025 1893 quod
1061 1809 1146 1874 ad
1186 1809 1469 1894 aliquem
1516 1831 1599 1874 ex
1641 1808 1826 1874 dietis
1869 1809 2028 1874 locis
2083 1809 2358 1874 nationis
2389 1799 2556 1877 Ger-

175 1910 447 1974 manicae
508 1909 747 1974 caeteri
790 1909 1013 1993 Reges
1076 1917 1145 1974 et
1182 1909 1519 1996 Principes
1565 1908 1825 1973 deflecti
1867 1932 1998 1974 non
2039 1918 2340 1996 possent,
2411 1931 2560 1974 con·

168 2010 525 2075 vocabimus
566 2009 987 2074 nihilominus
1037 2009 1205 2073 infra
1261 2009 1588 2096 praefatos
1649 2009 1878 2074 decem
1947 2031 2204 2074 menses
2248 2009 2561 2096 generale

173 2109 503 2174 concilium
542 2109 615 2173 in
658 2109 783 2172 alio
824 2109 994 2190 loco,
1037 2111 1233 2174 rebus
1276 2109 1588 2194 gerendis
1634 2109 2072 2191 accommodo,
2116 2109 2284 2174 infra
2329 2109 2558 2176 decem

170 2219 227 2272 et
262 2218 401 2274 octo
444 2231 726 2290 menseS,
768 2217 841 2272 ut
880 2209 1279 2296 praefertur,
1323 2217 1792 2292 consequentes
1837 2209 2258 2290 initiandum,
2322 2218 2452 2274 tam
2487 2220 2562 2276 ut

166 2310 334 2374 vobis
392 2333 539 2374 rem
606 2317 857 2395 gratam
914 2309 1221 2374 faciamus
1240 2357 1259 2391 ,
1319 2331 1511 2394 quam
1568 2318 1643 2373 ut
1685 2309 2017 2374 Ecclesiae
2069 2312 2558 2379 necessitatibus

168 2420 583 2476 succurratur.
672 2409 1038 2478 Concilium
1102 2421 1319 2476 autem
1379 2412 1700 2496 generale
1739 2410 2235 2476 Constantiense
2251 2460 2270 2494 ,
2335 2412 2555 2478 decre·

176 2518 336 2574 tum:
384 2511 721 2599 Frequens
739 2557 757 2590 ,
802 2502 879 2575 ac
922 2512 1044 2575 alia
1088 2512 1223 2576 eius
1268 2511 1562 2594 decreta',
1609 2510 1774 2574 sicut
1813 2518 2068 2575 caetera
2111 2512 2234 2576 alia
2273 2513 2562 2596 concilia,

172 2611 541 2676 catholicam
586 2611 968 2675 militantem
1007 2610 1367 2678 Ecclesiam
1404 2609 1989 2699 repraesentantia,
2046 2603 2338 2699 ipsorum
2377 2622 2560 2701 pote-

177 2718 391 2774 statem
407 2761 427 2794 ,
470 2711 919 2776 auctoritatem
940 2760 959 2793 ,
1003 2712 1321 2776 honorem
1362 2721 1428 2775 et
1470 2710 1917 2792 eminentiam,
1981 2711 2168 2776 sicuti
2210 2721 2276 2776 et
2321 2713 2557 2778 caeteri

170 2819 607 2876 antecessores
648 2810 886 2893 nostri,
957 2835 994 2876 a
1040 2833 1315 2895 quorum
1354 2811 1649 2896 vestigiis
1697 2810 1957 2874 deviare
2003 2833 2409 2896 nequaquam
2465 2812 2559 2878 in-

171 2909 477 2974 tendimus
505 2959 526 2992 ,
572 2910 955 2998 suscipimus
971 2959 991 2994 ,
1034 2911 1482 2998 amplectimur
1524 2919 1590 2974 et
1629 2931 2035 2975 veneramur.
2122 2913 2272 2976 Dat.
2312 2914 2557 2980 Romae

168 3008 323 3094 apud
368 3007 439 3077 S.
482 3009 789 3092 Petrum,
850 3033 1017 3074 anno
1082 3009 1538 3076 incarnationis
1599 3009 1956 3074 dominicae
1999 3009 2558 3078 MCOCOXLVI.

176 3130 312 3174 non.
355 3109 716 3190 Februarii,
760 3109 1181 3175 Pontificatus
1228 3109 1434 3174 nostri
1478 3132 1644 3174 anno
1690 3109 1876 3174 XVI.

175 3306 345 3376 XVI.
431 3309 813 3394 Eugenii
856 3309 978 3374 IV.
1024 3311 1260 3376 bulla
1304 3333 1461 3395 qua
1509 3311 1948 3378 Germanis
1993 3312 2434 3398 indulget,
2477 3321 2570 3377 ut

175 3407 545 3476 decretis
622 3409 984 3474 concilii
1045 3409 1614 3494 BasiliensiS,
1687 3413 1838 3476 sub
1896 3410 2262 3478 Alberto
2309 3413 2398 3478 H.
2446 3437 2565 3478 ac-

175 3510 563 3598 ceptatiS,
610 3531 867 3596 por-ro
912 3518 1293 3592 utantur,
1340 3511 1600 3575 donec
1641 3512 1777 3576 vel
1819 3512 2342 3579 auctoritate
2386 3536 2566 3579 con-

258 3613 459 3680 cilii
503 3614 637 3677 vel
678 3613 1271 3678 transactione
1314 3612 1593 3678 aliter
1635 3613 1909 3678 fuerit
1952 3614 2468 3678 ordinatum.

514 3718 523 3726 '
638 3714 725 3780 A.
767 3711 1365 3780 MOCOCXLVII.
1415 3714 1553 3778 die
1595 3713 1678 3777 V.
1727 3711 1965 3780 Febr.
1998 3714 2084 3796 ³¹).

323 3881 664 3968 Eugenius
714 3882 1055 3970 episcopus
1101 3879 1349 3948 Servus
1394 3879 1753 3948 Servorum
1798 3873 1922 3946 dei.
1992 3881 2106 3946 Ad
2146 3882 2427 3944 futuram
2467 3872 2606 3966 reis

180 3982 565 4047 memoriam.
609 3981 1284 4066 Adtranquillitatem
1326 3991 1391 4046 et
1428 3981 1766 4047 commoda
1808 3981 2091 4046 omnium
2125 3979 2562 4072 Christiqfide-

178 4078 343 4163 lium,
390 4091 457 4146 et
496 4082 845 4170 presertim
875 4081 1149 4146 nationis
1178 4083 1570 4169 germanice,
1615 4105 1807 4168 quam
1834 4080 2186 4168 apostolica
2213 4080 2402 4145 sedes
2434 4081 2560 4146 sin-

177 4181 374 4264 gulari
414 4181 757 4248 affectione
800 4183 1232 4270 prosequitur,
1279 4183 1580 4269 diligenti
1625 4182 1838 4248 studio
1881 4180 2315 4264 intendenteS,
2362 4202 2436 4245 ea
2481 4180 2556 4246 li-

360 4424 409 4493 *)
440 4424 639 4480 Edidit
662 4423 838 4502 ,Koch
872 4424 1097 4481 Sanctio
1140 4427 1489 4498 pragmatica
1519 4445 1570 4496 p.
1614 4427 1736 4482 183.
1794 4443 1864 4480 ex
1900 4425 2248 4496 autographo
2295 4424 2559 4481 tabularii

178 4508 649 4582 archiepiscopalis
686 4511 1138 4583 salisburgensis.
