2959 4984
153 274 352 325 Lxrx.
395 273 650 325 BULLA
673 273 1250 329 GONVENTIONEM
1285 272 1679 327 BADENSEM
1708 274 2169 329 CONFIRMANS
2190 272 2427 329 A.1859.
2462 274 2563 329 401

153 439 242 505 tia
283 454 686 525 componere
727 434 1068 499 vellemus,
1112 434 1342 521 Itaque
1383 434 1677 501 eiusdem
1700 436 1947 522 Regiae
1991 435 2411 503 Celsitudinis
2454 460 2566 504 vo-

157 539 261 621 tis,
309 556 478 622 quae
519 534 764 601 Nostra
809 534 1004 599 etiam
1045 543 1228 601 erant
1269 534 1574 601 diuturna
1617 545 1682 600 et
1722 536 2199 625 impensissima
2236 546 2405 621 vota,
2446 538 2573 603 ala—

59 716 66 721 ·
155 638 252 705 cri
293 634 860 718 libentissimoque
898 635 1111 699 animo
1153 635 1689 719 obsecundantes,
1738 636 1913 701 omni
1954 638 2198 703 reiecta
2220 661 2401 704 mora
2428 662 2573 704 cum

152 740 300 827 ipso
356 734 736 803 Celsissimo
776 734 1082 823 Principe
1129 733 1645 801 Conventionem
1698 736 2049 803 ineundam
2113 759 2255 803 esse
2322 739 2569 805 censui·

154 860 323 905 mus.
375 836 603 921 Atque
647 834 1030 920 gravissimo
1071 835 1223 901 huic
1265 857 1422 901 sane
1467 836 1737 922 negotio
1776 860 2036 903 manum
2080 838 2297 903 statim
2344 839 2565 905 admo-

157 946 389 1003 ventes
449 935 784 1000 Dilectum
823 932 1063 999 Filium
1125 935 1441 1001 Nostrum
1486 936 1801 1002 Ioannem
1842 934 1913 1003 S.
1958 938 2036 1003 R.
2081 937 2158 1003 E.
2214 938 2567 1027 Presbyte-

155 1060 305 1104 rum
349 1033 766 1101 Cardinalem
790 1033 1088 1099 Brunelli
1128 1034 1408 1121 pietatis,
1457 1034 1807 1117 doetrinae,
1851 1058 1925 1099 ac
1961 1037 2345 1123 prudentiae
2373 1041 2569 1107 laude

159 1135 586 1223 conspicuum
625 1157 770 1199 cum
808 1133 1190 1199 necessariis
1233 1134 1641 1201 facultatibus
1688 1134 2053 1221 delegimus
2068 1186 2089 1221 ,
2144 1146 2217 1202 ut
2257 1161 2402 1205 cum
2448 1140 2568 1207 Di-

155 1238 336 1301 lecto
377 1232 550 1299 Filio
598 1232 834 1301 Carolo
879 1234 1138 1299 Bruner
1185 1232 1571 1300 Consiliario
1634 1260 1673 1300 a
1713 1234 1987 1323 publicis
2054 1238 2335 1323 negotiis
2393 1240 2565 1306 illius

157 1336 392 1423 Magni
411 1336 722 1417 DucatuS,
771 1334 882 1419 qui
927 1337 1010 1400 ob
1057 1335 1224 1399 hanc
1269 1358 1525 1399 causam
1560 1336 1639 1401 ab
1680 1334 1823 1423 ipso
1853 1333 2226 1402 Celsissimo
2259 1338 2565 1429 Principe

159 1437 403 1504 missus
443 1436 676 1518 fuerat,
717 1456 862 1501 rem
907 1456 1168 1501 omnem
1213 1434 1443 1501 sedulo
1486 1431 1883 1501 tractandam
1926 1446 2199 1503 curaret.
2252 1438 2419 1508 Cum
2460 1464 2568 1506 au·

155 1548 296 1605 tem
333 1537 516 1603 idem
561 1534 926 1603 Cardinalis
965 1560 1002 1601 a
1041 1533 1252 1601 Nobis
1295 1534 1659 1623 Episcopus
1700 1534 2142 1620 Auximanus,
2211 1548 2277 1603 et
2320 1538 2566 1627 Cingu-

155 1640 354 1705 lanus
399 1637 630 1703 fuisset
675 1635 1112 1719 renunciatus,
1153 1634 1385 1699 iccirco
1423 1634 1495 1699 in
1539 1634 1675 1701 eius
1715 1635 1931 1701 locum
1972 1636 2148 1703 illico
2192 1639 2563 1707 suffecimus

156 1740 500 1805 Dilectum
542 1735 780 1803 Filium
824 1735 1140 1802 Nostrum
1185 1734 1493 1801 Carolum
1530 1734 1905 1821 Augustum
1943 1734 2015 1803 S.
2057 1738 2136 1803 R.
2172 1736 2248 1803 E.
2282 1739 2565 1829 Presby-

155 1848 382 1905 terum
429 1835 844 1903 Cardinalem
907 1836 990 1900 de
1023 1835 1304 1901 Reisach
1346 1835 1587 1923 pietate
1609 1884 1630 1918 ,
1698 1835 2022 1921 doctrina,
2088 1839 2564 1927 prudentiaque

156 1947 548 2027 spectatum,
595 1945 788 2021 atque
831 1942 1224 2022 opportunas
1273 1934 1334 1999 ei
1380 1956 1639 2019 quoque
1681 1934 2159 2020 instructiones,
2202 1939 2566 2007 facultates·

159 2062 294 2124 que
340 2037 659 2119 dedimus,
701 2044 776 2099 ut
811 2035 1178 2101 inchoatam
1203 2034 1571 2121 gravissimi
1612 2035 1800 2101 huius
1828 2037 2083 2123 negotii
2128 2040 2572 2106 tractationem

163 2140 524 2225 diligenter
571 2144 1082 2225 prosequeretur
1147 2143 1214 2201 et
1253 2135 1621 2200 absolveret
1664 2158 1810 2199 cum
1850 2137 2085 2203 eodem
2128 2136 2363 2207 Carolo
2407 2141 2570 2207 Bru·

153 2262 302 2305 ner.
363 2236 506 2305 Sed
541 2259 685 2303 cum
727 2236 836 2301 hic
877 2256 1254 2323 supremum
1291 2234 1469 2299 diem
1518 2235 1771 2317 obierit,
1814 2261 1851 2300 a
1898 2235 2274 2303 Celsissimo
2321 2240 2564 2327 Magno

159 2338 454 2405 Badensi
501 2338 692 2403 Duce
729 2336 800 2401 in
846 2334 983 2401 eius
1038 2334 1254 2401 locum
1325 2335 1651 2401 substituti
1706 2336 1969 2401 fuerunt
2006 2337 2567 2426 Plenipotentiarii

159 2441 426 2509 Nobilis
469 2440 594 2505 Vir
641 2440 814 2506 Baro
861 2436 1266 2505 Christianus
1316 2436 1645 2505 Gustavus
1691 2439 1773 2505 de
1819 2440 2217 2505 Berckheim
2276 2439 2573 2505 Minister

157 2539 780 2628 Plenipotentiarius
847 2548 912 2604 et
951 2538 1238 2624 Legatus
1306 2538 1855 2605 extraordinarius
1912 2540 1997 2605 ad
2056 2541 2223 2605 hanc
2264 2536 2567 2605 Sanctam

157 2640 414 2709 Sedem
427 2688 448 2723 ,
485 2662 560 2705 ac
602 2638 902 2703 Dilectus
943 2636 1148 2703 Filius
1191 2635 1575 2701 Franciscus
1623 2637 1899 2703 Carolus
1940 2638 2241 2705 Rosshirt
2281 2641 2351 2705 in
2389 2649 2565 2706 utro-

161 2760 293 2826 que
331 2739 477 2803 iure
519 2737 769 2804 Doctor
811 2746 1007 2823 atque
1065 2761 1104 2801 a
1156 2734 1460 2802 Consiliis
1528 2738 1813 2827 supremi
1876 2736 2242 2805 Tribunalis
2286 2740 2567 2807 iustitiae

155 2842 232 2906 in
275 2838 518 2925 Magno
563 2837 850 2903 Badensi
895 2838 1174 2919 Ducatu,
1217 2845 1291 2901 ut
1333 2859 1479 2902 cum
1526 2836 1757 2902 eodem
1809 2838 2076 2907 Dilecto
2110 2838 2278 2905 Filio
2325 2840 2571 2907 Nostro

163 2938 502 3007 cardinali
565 2937 648 3002 de
704 2936 981 3003 Reisach
1053 2945 1426 3023 susceptum
1481 2936 1642 3001 tanti
1710 2938 2020 3005 momenti
2082 2940 2419 3026 negotium
2486 2941 2571 3007 ad

163 3040 420 3105 exitum
466 3037 921 3125 perducerent.
970 3035 1058 3100 Et
1102 3036 1404 3121 quoniam
1445 3038 1653 3123 probe
1700 3039 2120 3105 noscebamus
2167 3062 2291 3127 qua
2337 3041 2575 3106 eximia

157 3138 428 3223 iustitia,
469 3139 789 3225 aequitate
809 3186 832 3221 ‚
903 3136 1278 3221 excelsique
1324 3136 1520 3201 animi
1572 3138 2022 3223 magnitudine
2043 3190 2063 3223 ,
2131 3149 2197 3204 et
2254 3162 2378 3225 qua
2418 3164 2569 3229 pro-

159 3260 372 3328 pensa
409 3239 481 3305 in
527 3237 894 3305 Catholicos
933 3237 1056 3303 sibi
1097 3236 1388 3303 subditos
1429 3237 1763 3303 voluntate
1820 3238 2059 3303 eniteat
2112 3239 2288 3304 idem
2334 3237 2571 3305 Celsis·

165 3340 370 3405 simus
414 3339 726 3429 Princeps
772 3338 1054 3425 Magnus
1099 3337 1422 3403 Badarum
1463 3337 1663 3420 Dux,
1733 3337 1965 3403 iccirco
2032 3338 2221 3405 firma
2266 3350 2570 3426 certaque

161 3462 284 3528 spe
327 3439 692 3505 nitebamur
733 3440 899 3522 fore,
943 3446 1017 3502 ut
1055 3437 1206 3504 Deo
1249 3436 1623 3519 auxiliante,
1667 3437 1825 3503 tanti
1874 3439 2185 3505 momenti
2230 3462 2338 3505 res
2385 3451 2566 3528 opta-

161 3549 306 3605 tum
347 3548 806 3625 assequeretur
849 3537 1115 3605 exitum.
1197 3536 1306 3603 Ac
1342 3537 1767 3603 vehementer
1806 3539 2156 3623 laetamur,
2194 3540 2570 3605 huiusmodi

159 3638 478 3705 Nostram
517 3661 704 3727 spem
743 3638 918 3705 haud
953 3638 1212 3706 inanem
1257 3638 1476 3705 fuisse.
1520 3638 1820 3725 Namque
1862 3650 2012 3728 post
2057 3639 2420 3704 diuturnam
2466 3661 2564 3706 se-

165 3740 519 3825 dulamque
561 3739 1130 3822 consultationem,
1199 3738 1402 3804 veluti
1444 3738 1542 3805 rei
1582 3741 1861 3826 gravitas
1912 3740 2280 3829 postulabat
2298 3788 2319 3823 ,
2395 3737 2565 3805 Con-

160 3839 388 3907 ventio
425 3840 568 3927 ipsa
608 3841 902 3929 pluribus
933 3839 1248 3907 Articulis
1295 3839 1613 3924 distincta,
1655 3850 1721 3907 et
1746 3840 1951 3906 aVV.
1975 3840 2103 3906 FF.
2134 3836 2375 3905 NN.S.
2396 3838 2473 3905 R.
2490 3838 2566 3905 E.

163 3939 620 4008 cardinalibus
667 3938 1212 4026 Congregationis
1254 3938 1557 4025 Negotiis
1614 3939 2060 4005 ecclesiasticis
2126 3938 2566 4005 extraordina-

159 4042 280 4109 riis
325 4041 731 4131 praepositae
775 4040 1141 4105 examinata
1163 4090 1182 4123 ,
1243 4063 1388 4105 cum
1443 4040 1679 4105 eodem
1725 4038 2157 4107 Serenissimo
2210 4063 2287 4103 ac
2329 4039 2567 4106 Celsis·

159 4144 334 4210 simo
380 4142 594 4227 Regio
637 4140 943 4229 Principe
991 4138 1045 4204 F
1049 4140 1308 4207 ederico
1352 4140 1597 4226 Magno
1644 4140 1929 4205 Badensi
1968 4141 2157 4204 Duce
2215 4139 2336 4205 fuit
2391 4140 2568 4225 inita,

159 4254 362 4329 atque
405 4241 491 4309 ad
535 4250 826 4329 optatum
875 4240 1122 4307 exitum
1163 4240 1497 4329 perducta.
1603 4238 1770 4333 Cum
1811 4249 2027 4305 autem
2067 4239 2360 4307 eiusdem
2399 4239 2569 4307 Con—

159 4343 489 4411 ventionis
531 4342 820 4409 Articuli
862 4352 1001 4409 tum
1043 4367 1082 4408 a
1121 4342 1367 4408 Nostro
1390 4389 1411 4425 ,
1453 4351 1592 4407 tum
1634 4343 1714 4435 ab
1760 4341 2053 4407 eiusdem
2097 4341 2323 4428 Magni
2365 4341 2573 4408 Ducis

161 4442 761 4534 Plenipotentiariis
824 4442 930 4509 die
994 4442 1302 4509 vicesima
1363 4450 1587 4507 octava
1642 4441 1882 4507 mensis
1942 4441 2115 4509 Iunii
2170 4442 2358 4509 huius
2424 4440 2575 4507 anni

222 4548 406 4594 Walter
437 4544 614 4591 Fontes
649 4548 768 4591 iuris
799 4548 1134 4592 ecclesiastici.
2102 4546 2174 4600 26
