2959 4984
391 327 482 381 vl.
558 322 856 380 REGULA
895 319 1420 379 cnRoDOGANGI
1455 319 1782 377 EPISGOPI
1818 321 2195 380 METENSIS.
2436 323 2507 380 27

139 508 382 579 exeant,
447 505 515 562 et
568 517 720 560 eum
761 496 934 560 bono
981 476 1196 558 animo
1241 494 1485 577 absque
1528 491 2035 558 murmuratione
2078 491 2509 558 obedientiam

138 621 294 663 snam
335 597 682 686 expleant3
753 605 818 659 et
859 594 1118 679 quando
1161 613 1572 658 communem
1616 613 1881 681 operam
1924 614 2057 657 non
2102 602 2203 658 est
2242 613 2509 658 necesse

135 701 344 781 facere,
385 703 616 786 postea
657 695 1102 780 unusquisque
1145 693 1320 777 quod
1365 715 1529 780 opus
1571 693 1769 758 habet
1814 690 2021 757 faciat.

565 845 726 936 Cap.
774 845 860 911 X.
951 843 1051 908 De
1093 843 1651 930 proficiscentibus
1700 845 1766 908 in
1813 845 2063 908 itinere.

283 964 692 1050 Quicumque
738 984 825 1027 ex
882 961 1058 1026 clero
1113 961 1182 1025 in
1225 961 1458 1026 itinere
1517 983 1659 1025 cum
1722 960 2063 1049 episcope,
2126 961 2231 1025 vel
2276 960 2507 1028 alicubi

133 1064 644 1152 proficiscuntur,
709 1062 1006 1128 ordinem
1067 1083 1284 1142 suum,
1361 1060 1428 1125 in
1486 1068 1794 1146 quantum
1839 1060 1962 1126 iter
2006 1063 2112 1126 vel
2153 1062 2317 1128 ratio
2361 1084 2507 1149 per-

133 1164 372 1246 miserit,
413 1186 550 1229 non
589 1163 952 1249 negligant.
997 1161 1085 1226 Et
1119 1183 1250 1226 non
1291 1181 1402 1225 eos
1446 1160 1690 1226 debent
1729 1161 2087 1249 praeterire
2129 1162 2327 1227 horae
2357 1185 2504 1227 con·

137 1265 388 1346 stitutae',
434 1272 566 1328 tam
611 1263 693 1328 de
741 1262 974 1328 officiis
1019 1261 1276 1343 divinis,
1297 1263 1306 1282 ‘
1328 1283 1520 1344 quam
1564 1260 1846 1328 aliunde.

229 1412 376 1502 Cap.
422 1411 543 1478 XI.
635 1409 735 1477 De
783 1413 922 1475 zelo
969 1411 1153 1492 bono,
1203 1435 1386 1500 quem
1431 1412 1659 1476 debent
1700 1415 1879 1476 servi
1916 1411 2051 1477 Dei
2095 1411 2422 1496 kaberffl).

283 1527 464 1596 Sicut
524 1539 624 1594 est
664 1529 844 1593 zelus
885 1529 1327 1594 amaritudinis
1369 1529 1609 1613 malus,
1676 1529 1785 1616 qui
1825 1538 2081 1620 separat
2124 1553 2160 1592 a
2202 1529 2384 1611 Dec,
2444 1537 2510 1592 et

140 1629 297 1694 ducit
349 1631 428 1696 ad
473 1630 842 1712 infernum3
905 1629 994 1694 ita
1038 1638 1136 1694 est
1175 1629 1352 1693 zelus
1393 1631 1636 1713 bonus,
1704 1630 1813 1716 qui
1856 1638 2110 1720 separat
2151 1653 2187 1692 a
2227 1627 2407 1710 vitio,
2450 1637 2517 1692 et

144 1729 300 1794 ducit
354 1729 436 1794 ad
479 1729 840 1797 Dominum
908 1739 974 1792 et
1015 1729 1213 1794 vitam
1259 1738 1607 1795 aeternam.
1693 1731 1888 1796 Hunc
1931 1753 2090 1816 ergo
2130 1729 2341 1793 zelum
2379 1728 2506 1793 fer-

138 1829 488 1912 ventissimo
533 1852 755 1895 amore
803 1838 1150 1895 exerceant
1193 1826 1362 1894 servi
1401 1829 1572 1913 Dei,
1613 1830 1684 1896 id
1728 1839 1860 1914 est,
1901 1839 1975 1894 ut
2014 1830 2261 1894 honore
2302 1850 2372 1893 se
2413 1829 2509 1894 in-

139 1930 326 1994 vicem
360 1930 817 2019 praeveniant,
863 1937 929 1994 et
971 1928 1377 1995 infirmitates
1418 1955 1565 1996 suas
1606 1931 1742 1996 sive
1789 1952 2150 2020 corporum,
2196 1929 2330 1994 sive
2374 1952 2508 1994 mo·

135 2054 260 2094 rum
318 2029 788 2119 patientissime
855 2029 1168 2112 tolerent3
1221 2037 1285 2094 et
1347 2029 1402 2095 si
1445 2053 1571 2116 qua
1612 2030 1765 2096 vitia
1806 2030 2221 2120 reprimenda
2238 2029 2292 2116 2)
2341 2040 2510 2113 sunt,

133 2130 224 2194 vel
278 2129 612 2218 castigatio
673 2127 1078 2212 adhibenda,
1147 2152 1292 2195 cum
1351 2130 1452 2195 his
1512 2131 1741 2216 quibus
1782 2121 1909 2198 hoc
1954 2132 2364 2198 commissum
2412 2141 2512 2196 est

135 2229 334 2296 videre
373 2231 442 2297 in
482 2229 771 2296 bonitate
813 2230 1235 2314 consentiant,
1269 2237 1345 2296 'et
1385 2233 1717 2296 adiutores
1762 2231 1920 2315 Dei,
1976 2241 2048 2296 ut
2092 2231 2180 2296 ait
2222 2231 2505 2322 Aposto-

136 2329 256 2412 luS,
300 2332 651 2397 exsistant:
722 2330 997 2416 qualiter
1039 2329 1228 2415 vitia,
1276 2331 1330 2395 si
1373 2341 1513 2396 orta
1557 2331 1817 2415 fuerint,
1860 2333 2112 2421 possint
2150 2333 2507 2417 destruere,

132 2431 203 2494 ad
250 2433 583 2498 meliorem
649 2439 884 2496 statum
941 2451 1466 2516 unumquemque
1504 2454 1921 2521 provocare:
1989 2433 2139 2518 quia
2201 2431 2511 2520 scriptum

135 2541 252 2596 est:
318 2531 450 2614 Qui
511 2533 794 2620 diliyitis
840 2529 1230 2610 Dominum,
1297 2531 1469 2594 odite
1512 2531 1751 2596 malum
1794 2531 2058 2615 (Psalm.
2098 2532 2251 2618 96):
2321 2529 2511 2614 Nam,

135 2635 234 2719 qui
285 2633 505 2722 diliqit
548 2633 987 2720 iniquitatem,
1059 2634 1196 2694 odit
1241 2633 1523 2696 animam
1567 2655 1765 2697 suam.
1856 2631 2025 2698 Nam
2072 2632 2185 2697 ille
2227 2632 2504 2698 animam

135 2755 292 2797 suam
330 2734 502 2799 bene
540 2723 775 2820 diligit,
821 2731 928 2818 qui
978 2754 1049 2796 se
1095 2729 1395 2814 custodit,
1441 2741 1508 2796 et
1548 2731 1709 2798 alios
1750 2733 1833 2798 ad
1877 2735 2253 2824 exemplum
2296 2736 2504 2801 bonae

135 2833 618 2898 conversationis
669 2842 734 2897 et
775 2831 990 2897 verbis
1035 2841 1101 2896 et
1143 2831 1448 2921 operibus
1499 2831 1708 2898 trahit.

163 2980 305 3070 Cap.
346 2983 503 3049 XII.
601 2983 684 3048 Ut
724 3007 856 3049 non
891 2998 1270 3070 praesumat
1313 2985 1487 3049 alter
1532 2984 1810 3050 alterum
1852 2985 2155 3064 caedere,
2196 2999 2309 3051 aut
2352 3009 2459 3051 ex-

1059 3107 1551 3152 commumoare.

281 3203 558 3268 Vetetur
573 3203 630 3288 ὃ)
675 3203 744 3266 in
777 3204 904 3268 hoc
943 3203 1248 3269 canonico
1293 3204 1521 3269 ordine
1568 3203 1775 3269 omnis
1815 3204 2359 3294 praesumptionis
2402 3229 2503 3270 oc-

139 3303 318 3386 casi03
358 3304 658 3370 iubemus
685 3313 877 3390 atque
904 3304 1315 3388 instituimuS,
1358 3313 1432 3369 ut
1457 3305 1623 3370 nulli
1648 3305 1841 3370 liceat
1870 3325 2257 3392 quemquam
2284 3329 2510 3396 parem

137 3425 301 3468 suum
367 3405 928 3470 excommunicare
989 3415 1100 3470 aut
1157 3405 1470 3470 caedere:
1538 3405 1827 3491 quamvis
1890 3404 2117 3492 aliquis
2166 3429 2280 3470 sua
2322 3427 2507 3496 prae·-

138 3507 481 3595 sumptione
512 3507 728 3596 ipsum
771 3504 854 3570 ad
892 3507 1018 3571 hoc
1043 3504 1342 3592 irritet4),
1381 3514 1493 3570 aut
1520 3505 1589 3572 in
1628 3507 1830 3590 factis,
1860 3530 1993 3571 non
2036 3516 2135 3572 est
2166 3527 2353 3572 suum
2397 3506 2507 3571 ad-

136 3604 394 3672 iudicare
423 3608 501 3691 ⁵),
549 3606 668 3672 sed
703 3605 786 3670 ad
829 3605 1115 3694 priorem
1155 3605 1405 3670 veniat:
1447 3606 1560 3670 ille
1597 3606 1951 3671 secundum
1982 3606 2277 3672 ordinem
2296 3607 2502 3695 ipsam

136 3726 364 3770 causam
405 3706 708 3772 definiat:
775 3717 840 3770 et
879 3705 989 3792 qui
1031 3707 1156 3771 hoc
1195 3707 1407 3772 facere
1448 3707 1998 3796 praesumpserit,
2054 3709 2133 3773 ab
2178 3707 2505 3797 episcop0,

131 3805 222 3868 vel
259 3807 334 3872 ab
381 3829 457 3872 eo
503 3807 615 3894 qui
661 3807 777 3873 sub
817 3806 960 3894 ipso
1006 3815 1124 3889 est,
1163 3807 1504 3872 iudicetur.
1786 3804 1790 3808 ’

137 3950 274 4043 Cap.
309 3955 500 4022 XIII.
583 3956 668 4022 Ut
710 3959 780 4020 in
822 3959 1332 4044 conqreqatione
1377 3957 1765 4022 clericorum
1780 3958 1833 4044 6·)
1878 3979 2011 4021 non
2060 3957 2254 4021 liceat
2292 3955 2496 4022 alteri

955 4057 1234 4122 alterum
1276 4055 1649 4144 defendere.

271 4171 684 4241 omnimodis
725 4173 1084 4240 cavendum
1121 4183 1240 4258 est,
1285 4183 1360 4238 ut
1395 4197 1517 4264 pro
1554 4175 1735 4240 nulla
1766 4174 2103 4242 occasione
2127 4183 2501 4263 praesumat

301 4421 352 4490 1)
385 4425 461 4478 al.
499 4420 757 4478 invicem.
957 4420 1010 4490 2)
1047 4424 1124 4474 al.
1161 4424 1390 4492 reperta
1423 4421 1651 4476 fuerint.
1868 4421 1925 4490 3)
1962 4425 2141 4491 Forte,
2175 4425 2241 4477 ut
2274 4421 2499 4476 vitetur.

133 4501 178 4568 4)
207 4510 273 4562 al.
309 4508 518 4566 incitet.
731 4511 787 4576 5)
825 4511 898 4564 al.
944 4507 1318 4564 advindicare.
1524 4511 1583 4577 6)
1620 4511 1697 4564 al.
1734 4507 2142 4566 canonicorum.
