2959 4984
1586 1 1619 4 ““
1715 0 1871 24 ’Ἶ’““
1930 1 1979 4 ’“““
2034 1 2051 3 ““
2096 0 2761 40 “’““““Τ“””“”Γᾞ”““
2808 1 2813 3 “
2906 1 2909 3 ’

374 285 481 340 584
750 283 863 336 10.
942 282 1195 336 CONST.
1230 283 1329 336 DE
1366 225 1666 338 tumens
1699 285 2104 340 tamnen.
2137 289 2206 339 A.
2243 284 2404 342 1741.

392 451 465 518 in
504 447 803 516 omnibus
821 493 843 529 ,
888 454 955 510 et
996 466 1121 534 per
1162 441 1376 513 omnia
1416 445 1833 534 plenissime,
1877 459 1942 515 et
1984 451 2400 520 inviolabiter
2437 441 2771 522 observari

392 547 672 634 Sisque,
738 557 809 612 et
862 567 997 614 non
1050 544 1241 612 aliter
1286 565 1407 633 per
1448 567 1926 645 quoscumque
1931 549 2206 618 ‚Iudices
2249 551 2656 643 ordinarios,
2709 571 2768 620 et

380 649 747 736 Delegatos
762 694 784 730 ,
846 645 1045 712 etiam
1104 644 1463 714 Causarum
1525 646 1760 714 Palatii
1803 629 2194 750 ‘Apostolici
2255 653 2637 741 Auditores‚
2691 677 2768 718 ac

384 747 679 835 ejusdem
722 747 795 819 S.
834 749 915 821 Β.
952 747 1033 816 Ε.
1078 746 1508 832 cardinales,
1565 749 1764 816 etiam
1823 749 1906 844 de
1971 751 2180 821 latere
2197 752 2497 840 Legatos
2521 805 2540 839 ,
2593 761 2659 833 ‚et
2699 753 2771 822 S.

381 846 579 920 Sedis
628 849 907 918 Nuntios
948 848 1193 916 aliosve
1254 847 1582 933 quoslibet
1639 869 2048 935 quacumque
2093 854 2594 940 praeeminentia
2613 903 2632 937 ,
2709 861 2774 917 et

380 957 697 1040 potestate
738 949 1109 1036 fungentes,
1156 957 1225 1014 et
1260 949 1620 1033 functuros,
1663 949 1918 1015 sublata
1961 951 2056 1015 eis
2086 1000 2106 1034 ,
2145 961 2212 1016 et
2247 975 2481 1018 eorum
2516 953 2776 1018 cuilibet

382 1049 609 1136 quavis
650 1050 843 1118 aliter
872 1047 1236 1135 judicandi,
1278 1057 1349 1114 et
1388 1049 1864 1137 interpretandi
1908 1051 2240 1135 facultate,
2285 1063 2354 1118 et
2381 1051 2774 1133 auctoritate,

386 1148 629 1233 ubique
664 1146 972 1235 judicari,
1019 1156 1085 1212 et
1124 1145 1383 1215 definiri
1428 1145 1711 1229 debere,
1755 1169 1832 1212 ac
1873 1147 2162 1232 irritum,
2205 1159 2274 1214 et
2309 1143 2504 1216 inane
2522 1199 2544 1234 ,
2583 1150 2638 1215 si
2677 1172 2772 1215 se-

381 1269 493 1314 cus
532 1268 732 1336 super
772 1245 875 1312 his
916 1269 957 1310 a
1000 1267 1325 1331 quoquam
1374 1246 1602 1331 quavis
1643 1248 2026 1314 auctoritate
2065 1249 2350 1317 scienter
2369 1296 2390 1333 ,
2450 1251 2562 1314 vel
2601 1252 2778 1336 igno·

382 1357 603 1416 ranter
648 1347 999 1434 contigerit
1038 1346 1361 1412 attentari.
1407 1347 1566 1414 Non
1609 1349 2014 1416 obstantibus
2055 1349 2453 1436 praemissis,
2493 1375 2572 1416 ac
2617 1350 2778 1416 Gon-

378 1446 817 1514 stitutionibus
843 1495 863 1532 ,
936 1458 1001 1514 et
1060 1445 1576 1514 ordinationibus
1635 1447 2060 1535 Apostolicis,
2119 1471 2376 1516 necnon
2449 1452 2776 1536 quibusvis

384 1546 579 1612 etiam
612 1546 1003 1632 juramento,
1048 1547 1542 1614 confirmatione
1586 1547 1971 1636 Apostolica
1994 1597 2015 1632 ,
2055 1550 2167 1614 vel
2213 1551 2444 1636 quavis
2487 1551 2781 1616 firmitate

376 1648 507 1714 alia
554 1648 871 1716 roboratis
887 1698 907 1732 ,
952 1647 1225 1716 Statutis
1246 1695 1266 1729 ,
1310 1655 1379 1713 et
1412 1647 1991 1716 consuetudinibus
2005 1697 2028 1732 ,
2089 1651 2462 1738 privilegiis
2511 1672 2780 1736 quoque,

384 1746 653 1814 indultis
671 1794 692 1829 ,
734 1757 802 1813 et
836 1747 1045 1814 literis
1086 1747 1492 1835 Apostolicis
1535 1749 1658 1814 sub
1701 1747 2219 1834 quibuscumque
2260 1751 2606 1818 tenoribus
2649 1773 2782 1816 ver·

386 1849 615 1916 borum
632 1896 653 1930 ,
720 1857 787 1913 et
830 1847 1056 1914 formis
1071 1895 1092 1930 ,
1132 1869 1211 1912 ae
1257 1869 1403 1912 cum
1448 1847 1782 1932 quibusvis
1825 1849 2026 1914 ctiam
2069 1849 2642 1936 derogatoriarum
2681 1851 2780 1916 de·

386 1947 756 2036 rogatoriis,
800 1946 1075 2032 aliisque
1126 1946 1602 2013 efficacioribus
1617 1995 1638 2030 ,
1683 1957 1752 2012 et
1791 1946 2068 2014 insolitis
2113 1949 2448 2032 clausulis,
2491 1951 2782 2017 irritanti-

384 2051 661 2134 busque,
704 2056 770 2112 et
809 2047 952 2112 aliis
1002 2045 1307 2130 decretis,
1352 2046 1550 2114 etiam
1591 2057 1794 2132 motu,
1833 2048 2126 2132 scientia,
2165 2055 2232 2112 ct
2269 2051 2628 2136 potestatis·
2655 2051 2780 2138 ple-

387 2148 683 2216 nitudine
728 2147 991 2236 paribus
1026 2147 1097 2212 in
1137 2167 1405 2233 genere,
1449 2147 1561 2214 vel
1601 2147 1672 2213 in
1717 2149 1978 2236 specie,
2021 2171 2140 2214 seu
2181 2150 2338 2215 alias
2383 2151 2777 2234 quomodoli-

384 2250 499 2316 bet
546 2246 868 2314 concessis
885 2293 907 2329 ,
966 2245 1387 2328 confirmatis,
1448 2256 1516 2312 et
1568 2244 1912 2312 innovatis.
2015 2245 2271 2332 Quibus
2317 2249 2622 2314 omnibus
2641 2297 2663 2332 ,
2723 2257 2782 2313 et

388 2347 665 2434 singulis
710 2346 906 2415 ctiam
941 2347 1001 2414 si
1044 2369 1167 2434 pro
1208 2346 1473 2412 illorum
1515 2345 1864 2412 sufficienti
1909 2346 2336 2434 derogatione
2377 2347 2464 2414 de
2505 2348 2639 2414 illis
2683 2369 2776 2412 eo-

388 2469 665 2534 rumque
708 2448 859 2514 totis
900 2448 1242 2514 tenoribus
1280 2445 1584 2535 specialis
1605 2497 1626 2531 ,
1689 2447 2018 2535 specifica,
2063 2469 2376 2536 expressa
2392 2498 2414 2531 ,
2451 2457 2522 2512 et
2563 2447 2776 2520 indivi-

388 2551 536 2634 dua,
578 2573 657 2616 ac
698 2549 783 2616 de
820 2549 1025 2616 verbo
1066 2547 1153 2615 sd
1196 2550 1471 2616 verbum
1488 2596 1509 2632 ,
1549 2569 1690 2614 non
1726 2557 1950 2616 autem
1990 2569 2112 2636 per
2155 2549 2478 2616 clausulas
2525 2569 2778 2634 gencra-

386 2650 485 2716 les
526 2650 705 2716 idem
742 2649 1165 2738 importantes
1211 2649 1453 2716 mentio
1473 2697 1494 2732 ,
1557 2669 1674 2716 seu
1690 2697 1710 2731 ,
1771 2650 2040 2734 quaevis
2103 2649 2232 2714 alia
2287 2649 2630 2737 expressio
2681 2650 2776 2714 ha-

387 2749 605 2818 benda
616 2799 637 2833 ,
682 2761 795 2818 aut
834 2751 1053 2836 aliqua
1094 2750 1223 2816 alia
1262 2748 1588 2835 exquisita
1626 2750 1838 2816 forma
1878 2749 1948 2815 in
1987 2749 2131 2814 aliis
2171 2748 2413 2814 tradita
2457 2753 2778 2816 observata

392 2849 641 2919 eisdem
681 2852 1131 2940 praesentibus
1188 2873 1311 2939 pro
1368 2850 1697 2939 expressis
1713 2899 1733 2934 ,
1801 2860 1868 2916 et
1923 2849 2189 2916 insertis
2227 2850 2554 2916 habentes
2571 2899 2592 2933 ,
2659 2850 2776 2916 illis

388 2949 548 3020 alias
588 2951 661 3018 in
698 2975 815 3017 suo
858 2953 1095 3018 robore
1137 2951 1598 3039 permansuris,
1641 2949 1728 3016 ad
1767 2950 2272 3039 praemissorum
2305 2949 2635 3034 effectum,-
2671 2949 2775 3016 hac

388 3052 533 3118 vice
578 3052 913 3120 dumtaxat
956 3073 1267 3140 expresse
1310 3053 1706 3138 derogamus
1725 3101 1745 3134 ,
1817 3051 2224 3136 caeterisque
2265 3051 2612 3119 contrariis
2653 3051 2776 3136 qui·

391 3155 815 3237 buscumque.

562 3255 621 3333 ξ.
668 3253 765 3318 17.
849 3252 1173 3318 Volumus
1216 3261 1455 3335 autem,
1499 3259 1576 3318 ut
1619 3259 1996 3340 praesentes
2014 3250 2286 3316 Literae.
2319 3250 2392 3314 in
2431 3251 2640 3316 valvis
2677 3249 2782 3316 Ec-

393 3352 629 3420 clesiae
670 3351 1147 3435 Lateranensis,
1192 3361 1263 3418 et
1304 3351 1632 3440 Principis
1669 3351 2178 3440 Apostolorum,
2225 3372 2490 3416 necnon
2533 3350 2783 3416 Cancel-

390 3453 593 3520 larise
639 3453 1061 3540 Apostolioae
1074 3501 1095 3535 ,
1136 3476 1211 3520 ac
1256 3453 1329 3518 in
1367 3451 1538 3520 Acie
1589 3450 1820 3538 Campi
1863 3451 2102 3516 Florae
2145 3451 2228 3516 de
2266 3451 2456 3519 Urbe
2481 3499 2504 3534 ,
2553 3463 2626 3517 ut
2665 3473 2782 3519 mo·

392 3554 483 3620 ris
528 3563 645 3636 est,
683 3554 1117 3642 publicentur,
1158 3562 1225 3620 et
1264 3553 1652 3640 affigantur,
1701 3551 1926 3636 sicque
1967 3553 2337 3640 publicatae
2356 3603 2378 3635 ,
2419 3561 2490 3616 et
2531 3551 2776 3636 affixae,

394 3674 653 3738 omnes,
696 3662 764 3720 et
806 3655 1101 3740 singulos
1119 3703 1141 3734 ‚
1186 3675 1351 3739 quos
1393 3653 1548 3718 illae
1591 3661 2032 3735 concernunt,
2071 3651 2350 3740 perinde
2389 3662 2682 3738 arctent,
2723 3661 2780 3716 et

396 3753 707 3838 afficiant,
741 3777 820 3822 ac
862 3755 918 3820 si
958 3753 1309 3840 unicuique
1351 3775 1582 3820 eornm
1623 3753 2022 3834 nominatim,
2075 3761 2142 3818 et
2185 3751 2626 3840 personaliter
2653 3750 2782 3814 inti-

392 3864 601 3922 matae
628 3854 935 3936 fuissent3
978 3853 1285 3940 quodque
1322 3852 1698 3920 earumdem
1719 3853 2164 3940 praesentium
2196 3851 2642 3939 transumptis,
2682 3873 2782 3916 seu

398 3955 719 4043 exemplis
731 4001 751 4036 ,
816 3953 1009 4020 etiam
1060 3955 1431 4043 impressis,
1491 3976 1688 4018 manu
1743 3953 2016 4040 alicujus
2058 3951 2314 4020 Notarii
2365 3952 2616 4040 publici
2654 3951 2781 4016 sub-

398 4053 687 4142 scriptis,
748 4065 815 4122 et
860 4055 1078 4142 sigillo
1146 4054 1419 4139 alicujus
1466 4053 1798 4120 Personae
1851 4053 1922 4118 in
1959 4052 2304 4140 Dignitate
2344 4049 2779 4118 Ecclesiastics

402 4155 785 4222 constitutae
830 4155 1129 4240 munitis,
1192 4155 1419 4220 eadem
1461 4177 1732 4241 prorsus
1775 4153 1946 4219 fides
1984 4163 2116 4220 tam
2155 4152 2226 4221 in
2253 4151 2539 4238 judicio,
2605 4171 2778 4236 quam

398 4265 587 4320 extra
621 4256 789 4322 illud
832 4255 1075 4344 ubique
1114 4254 1503 4320 adhibeatur
1517 4301 1536 4338 ,
1597 4275 1766 4338 quae
1815 4254 1978 4341 ipsis
2036 4252 2488 4342 praesentibus
2533 4250 2776 4317 adhibe-

398 4365 602 4438 retur,
644 4356 699 4420 si
745 4357 963 4421 forent
1010 4355 1360 4439 exhibitae,
1402 4357 1515 4422 vel
1559 4365 1876 4422 ostensae.

410 4512 415 4520 .
462 4487 469 4492 ·
564 4455 623 4532 ἓ.
671 4455 768 4520 18.
848 4454 1037 4520 Nulli
1080 4477 1250 4542 erg-o
1300 4455 1569 4523 omnino
1629 4456 1998 4524 hominum.
2023 4456 2221 4524 liceat
2275 4455 2448 4522 luno
2487 4454 2776 4542 paginam
