2959 4984
437 290 548 347 480
763 292 1059 345 LXXVIII.
1135 292 1458 345 GREGORI
1496 292 1635 343 XVI.
1676 292 2161 345 CONSTITUTIO
2202 295 2263 345 A.
2300 289 2461 345 1831.

438 456 608 523 tibus
669 454 998 544 quidpiam
1057 454 1183 544 ipsi
1224 477 1346 543 pro
1385 454 1644 521 illarum
1684 454 2033 542 regionum
2074 454 2387 521 Ecclesiis
2430 478 2505 520 ac
2545 476 2810 543 praeser-

435 553 552 619 tim
593 554 674 619 ad
722 576 944 621 earum
987 554 1328 644 episcopos
1367 554 1824 621 adsciscendos
1872 554 2245 639 decernant,
2286 576 2360 620 re
2406 578 2551 620 cum
2590 556 2667 621 iis
2700 556 2812 620 col—

435 654 596 737 lata,
667 654 776 742 qui
818 664 964 720 actu
1005 654 1251 721 ibidem
1296 678 1546 721 summa
1586 676 1811 721 rerum
1849 654 2203 743 potiuntur.
2301 656 2614 723 Infestam
2650 658 2817 739 hanc,

433 752 992 843 perniciosamque
1037 753 1470 843 suspicionem
1518 755 1693 819 omni
1734 756 1875 820 fere
1918 763 2129 820 aetate
2170 756 2468 821 insectati
2513 766 2663 821 sunt
2700 758 2813 823 Ro-

433 852 606 919 mani
651 852 1022 939 Pontifices,
1067 876 1341 941 quorum
1385 854 1545 919 tanti
1590 854 1881 939 interest,
1923 854 2128 943 ipsius
2168 856 2487 921 fallaciam
2518 855 2817 944 patefieri,

437 952 658 1038 quanti
701 961 828 1017 stat
869 962 1130 1020 aeterna
1170 954 1430 1019 illorum
1476 954 1668 1036 salus,
1716 955 1951 1040 quibus
1994 957 2075 1021 ob
2113 955 2182 1020 id
2215 978 2444 1021 causae
2473 966 2817 1044 opportuna

436 1052 867 1139 denegentur,
907 1054 1017 1119 vel
1062 1054 1291 1119 saltem
1335 1053 1595 1139 diutius,
1638 1078 1713 1119 ac
1750 1076 1869 1142 par
1914 1064 2031 1137 est,
2074 1051 2459 1122 differantur
2504 1058 2755 1123 auxilia.

599 1154 750 1221 Huc
790 1175 946 1219 sane
987 1152 1320 1219 dumtaxat
1363 1154 1677 1242 spectavit
1714 1154 1921 1221 felicis
1954 1155 2423 1221 recordationis
2453 1158 2816 1245 praedeces—

441 1276 550 1321 sor
589 1263 813 1321 noster
855 1252 1159 1319 Clemens
1199 1252 1284 1317 V.
1301 1304 1320 1339 ,
1366 1254 1476 1339 qui
1519 1253 1589 1319 in
1632 1252 1945 1320 Generali
1984 1254 2346 1323 Viennensi
2395 1255 2691 1325 Concilio
2732 1282 2815 1323 sa-

433 1355 782 1422 luberrima
821 1352 1298 1419 Constitutione
1341 1364 1597 1419 cautum
1636 1354 1861 1439 edixit,
1906 1364 1981 1419 ut
2020 1358 2085 1419 si
2124 1380 2305 1445 quem
2335 1354 2637 1423 Summus
2664 1357 2816 1422 Pon·

433 1452 607 1543 tifex
665 1454 780 1519 sub
842 1454 1032 1518 titulo
1091 1452 1438 1536 cujuslibet
1500 1454 1839 1541 cli-quitatis
1887 1480 1969 1519 ex
2014 1468 2195 1519 certa
2234 1459 2515 1523 seientia
2535 1504 2557 1539 ,
2624 1456 2814 1535 verbo,

431 1558 913 1635 constitutione,
959 1556 1064 1619 vel
1103 1556 1310 1619 literis
1350 1558 1653 1637 nominet,
1700 1556 1989 1638 honoret,
2036 1582 2149 1622 seu
2196 1560 2422 1646 quovis
2466 1558 2607 1622 alio
2647 1556 2813 1620 modo

435 1670 701 1739 tractet,
763 1680 888 1744 per
930 1656 1050 1720 hoe
1101 1659 1170 1720 in
1217 1657 1535 1745 diqnitate
1578 1658 1703 1721 itta
1748 1661 1961 1744 ipsum
2006 1658 2377 1745 approbare
2419 1682 2557 1723 non
2600 1656 2811 1721 intelli-

430 1772 648 1845 qatur,
696 1770 810 1822 aut
852 1760 1195 1845 quicquam
1237 1758 1303 1819 ei
1343 1757 1627 1821 tribuere
1668 1761 1830 1822 novi
1850 1758 2035 1841 juris
2058 1758 2146 1843 ³¹²).

615 1856 697 1923 Id
762 1866 828 1921 et
879 1857 1389 1923 luculentissime
1451 1867 1719 1924 testatus
1780 1868 1879 1925 est
1920 1859 2210 1927 Joannes
2253 1855 2478 1923 XXII.
2498 1910 2519 1943 ,
2582 1856 2810 1943 quando

431 1958 514 2024 ad
537 1958 896 2025 Robertum
923 1955 1248 2041 Brusium,
1294 1959 1401 2044 qui
1443 1980 1675 2045 regem
1706 1960 2051 2028 Scotorum
2094 1960 2351 2047 agebat,
2390 1958 2641 2023 litteras
2684 1980 2809 2021 con-

435 2058 693 2125 cordiae
735 2082 956 2124 caussa
997 2080 1068 2125 se
1117 2058 1272 2123 dare
1315 2059 1575 2147 scripsit
1637 2060 1755 2124 sub
1821 2063 2011 2148 reyia
2065 2060 2517 2124 intitulatione
2544 2106 2563 2139 ‚
2628 2058 2804 2149 probe

427 2182 692 2249 gnarus,
740 2180 860 2248 per
905 2180 1046 2223 eam
1092 2180 1180 2225 ex
1227 2157 1679 2226 clementinae
1726 2158 2218 2227 Constitutionis
2265 2158 2667 2247 praescripto
2711 2177 2807 2219 nec

407 2258 595 2343 juris
639 2260 816 2346 reyis
843 2258 1132 2346 Anqliae
1179 2258 1454 2340 detrahi,
1500 2282 1620 2324 neo
1660 2262 1797 2345 ipsi
1835 2283 2069 2324 novum
2115 2258 2389 2348 aliquod
2411 2257 2535 2341 jus
2562 2257 2806 2345 acquiri.

428 2356 627 2443 Quod
667 2378 752 2422 ne
797 2355 954 2421 dum
994 2356 1164 2423 binis
1202 2357 1286 2423 ad
1329 2355 1541 2445 ipsum
1566 2358 1927 2425 Robertum
1964 2360 2200 2424 litteris
2230 2356 2663 2441 denunciavit,
2706 2352 2805 2419 sed

425 2468 492 2523 et
548 2458 820 2546 epistola
881 2456 1076 2523 officii
1132 2457 1328 2545 plena
1373 2478 1687 2545 expresse
1732 2459 2067 2524 admonuit
2108 2457 2494 2525 Eduardum
2540 2456 2803 2543 Angliae

421 2558 711 2645 Regem,
773 2580 918 2622 cum
982 2578 1109 2642 quo
1177 2556 1259 2622 de
1303 2556 1560 2626 Scotiae
1607 2558 1939 2625 dominatu
1980 2558 2307 2625 contentio
2350 2558 2466 2623 illa
2508 2555 2803 2635 fervebat,

428 2679 510 2723 ne
555 2658 801 2723 scilicet
819 2681 948 2743 per
975 2656 1345 2721 huiusmodi
1372 2659 1881 2723 intitulationem
1906 2670 2221 2744 censeret,
2268 2658 2608 2747 quidpiam
2638 2655 2805 2719 alter·

421 2756 627 2825 utrius
665 2758 802 2843 juri
845 2756 952 2821 vel
993 2757 1350 2822 accrevisse
1390 2758 1500 2822 vel
1545 2780 1688 2825 esse
1740 2758 2094 2824 detractum
2111 2759 2237 2844 **).

587 2854 732 2923 Nec
773 2856 1048 2922 absimili
1089 2856 1354 2923 consilio
1399 2854 1557 2924 Pius
1597 2858 1685 2925 Π.
1728 2883 1883 2925 usus
1930 2868 2061 2944 est,
2123 2857 2383 2944 quando
2430 2858 2514 2922 de
2556 2856 2805 2945 Hunga—

421 2978 642 3023 rorum
712 2956 1074 3045 principatu
1143 2958 1314 3023 inter
1375 2958 1847 3046 Imperatorem
1910 2958 2317 3025 Fridericum
2384 2968 2450 3022 et
2512 2956 2804 3023 Mathiam

420 3054 468 3124 J
471 3056 695 3123 oannis
737 3056 1058 3123 Huniadis
1101 3058 1307 3124 filium
1351 3058 1790 3125 dimicabatur.
1838 3060 2203 3148 Respondit
2246 3058 2511 3147 quipp-e,
2557 3058 2736 3123 illum
2774 3080 2805 3120 a

423 3177 492 3222 se
539 3178 625 3221 ex
663 3178 845 3221 more
889 3156 1243 3245 nuncupari
1266 3180 1518 3245 regem,
1563 3158 1673 3243 qui
1699 3180 1980 3245 regnum
2008 3169 2282 3244 teneret,
2308 3161 2457 3245 fquo
2484 3168 2632 3225 actu
2656 3154 2800 3222 nulli

419 3256 627 3341 inquit
671 3255 1130 3321 detrimentum
1174 3278 1244 3323 se
1287 3258 1581 3323 arbitrari
1622 3258 1875 3323 illatum
1898 3257 2067 3345 ***).

583 3356 771 3421 Hanc
816 3378 1012 3444 porro
1058 3356 1298 3441 agendi
1342 3357 1693 3442 rationem,
1747 3379 1937 3443 quam
1984 3360 2063 3425 ab
2107 3358 2459 3446 apostolica
2512 3358 2671 3423 sede
2706 3355 2795 3419 vel

417 3480 456 3523 a
498 3456 728 3544 priscis
771 3456 1168 3545 temporibus
1215 3468 1536 3523 servatam
1580 3452 1875 3524 novimus
1899 3511 1919 3543 ,
1970 3458 2467 3543 constitutione,
2514 3478 2705 3543 quam
2742 3459 2800 3519 in

413 3568 800 3643 perpetuum
841 3558 1192 3621 valituram
1238 3570 1299 3620 et
1343 3556 1879 3646 irrefraqabilem
1924 3559 2125 3643 dixit,
2194 3569 2399 3624 ratam
2440 3558 2665 3624 habuit
2700 3556 2799 3621 Xi-

419 3666 554 3725 stus
596 3656 716 3722 IV.
731 3708 752 3743 ,
795 3656 902 3722 fel.
945 3678 1074 3723 rec.
1128 3656 1372 3745 pariter
1413 3658 1880 3746 praedecessor
1924 3670 2149 3725 noster
2175 3711 2195 3743 ,
2246 3669 2440 3745 atque
2487 3658 2795 3749 speciatim

420 3752 862 3839 confirmavit,
918 3764 990 3819 ut
1034 3754 1336 3821 nimirum
1378 3759 1443 3819 si
1482 3760 1599 3845 qui
1626 3778 1755 3843 pro
1800 3758 2064 3844 reqibus
2086 3804 2105 3837 ‚
2169 3772 2287 3823 aut
2336 3760 2406 3822 in
2454 3760 2675 3849 aliqua
2715 3756 2793 3821 di-

324 3924 326 3927 ,
417 3858 668 3943 ynitate
709 3857 1074 3919 constitutis
1119 3880 1160 3919 a
1204 3854 1514 3919 Romanis
1544 3854 1971 3941 Pontificibus
2008 3862 2275 3945 recepti,
2319 3860 2658 3939 nominati,
2699 3872 2793 3921 aut

617 4123 670 4191 ⁸⁸)
711 4124 840 4195 Gap.
879 4130 941 4183 ss·
977 4131 1220 4183 Summus
1249 4128 1521 4196 Pontifex.
1558 4128 1641 4183 De
1678 4130 1959 4185 sententia
1992 4130 2575 4187 excommunicationis
2612 4130 2670 4185 in
2690 4128 2787 4183 Cless

417 4214 590 4266 ment.
661 4210 804 4267 Vide
840 4214 988 4283 apud
1020 4213 1342 4271 Labbaeum
1377 4214 1524 4269 Acta
1560 4215 1793 4269 Concilii
1824 4215 2111 4283 viennen„
2148 4216 2301 4272 circa
2334 4216 2521 4273 finem.

591 4298 671 4364 **)
705 4294 922 4356 Extant
977 4303 1094 4353 tres
1139 4301 1199 4353 in
1249 4316 1371 4354 eam
1419 4318 1542 4355 rem
1573 4302 1861 4371 Epistolae
1898 4302 2130 4357 Joannis
2164 4301 2339 4357 XXII.
2393 4304 2543 4375 apud
2574 4300 2780 4371 Rsynal-

415 4382 547 4433 dum
581 4383 653 4436 ad
687 4400 891 4437 annum
927 4388 1084 4453 1320,
1123 4390 1168 4449 ἓ.
1203 4390 1292 4457 40,
1330 4389 1417 4456 41,
1453 4390 1541 4444 42.

555 4466 668 4535 ***)
700 4468 866 4537 Apud
897 4470 1259 4543 Raynaldum,
1296 4474 1368 4530 ad
1402 4492 1604 4531 annum
1642 4480 1798 4546 1459,
1840 4482 1887 4543 ὃ.
1927 4480 2011 4533 13.
