2959 4984
439 238 546 295 402
587 240 780 292 Lm.
817 236 1062 289 BULLA
1103 235 1681 289 OONVENTIONEM
1704 235 2093 289 BADENSEM
2116 236 2579 291 CONFIRMANS
2602 242 2663 291 A.
2688 236 2831 291 1859.

445 405 690 473 fuerint
726 400 1070 491 subscripti
1092 448 1112 483 ‚
1159 408 1354 485 atque
1391 424 1430 465 a
1471 398 1683 467 Nobis
1726 398 2225 486 diligentissime
2264 402 2613 489 perpensi,
2672 422 2831 467 eam-

445 506 598 573 dem
639 503 1154 571 Conventionem
1209 522 1511 589 suprema
1565 500 1807 566 Nostra
1866 500 2277 567 Auctoritate
2342 502 2833 569 confirmandam

447 628 594 675 esse
636 603 1180 685 existimavimus,
1235 622 1509 685 eamque
1570 600 1855 665 maximo
1908 599 2266 667 animarum
2324 603 2706 686 commodo,
2776 612 2837 667 et

449 708 798 775 catholicae
841 703 1178 771 Ecclesiae
1220 704 1392 767 bono
1433 701 1717 768 futuram
1760 722 1903 767 esse
1926 748 1945 784 ,
1990 700 2137 767 Deo
2178 702 2641 787 benedicente,
2696 726 2835 771 con-

443 808 723 875 fidimus.
805 805 1022 871 Huius
1066 813 1282 870 autem
1329 801 1795 869 Conventionis
1852 812 2040 869 tenor
2086 813 2187 869 est
2228 802 2339 889 qui
2382 805 2704 889 sequitur,
2752 805 2835 869 vi-

447 908 685 975 delicet

1413 1000 1896 1067 Conventio

1259 1104 1358 1187 (ut
1401 1124 1598 1189 supra
1636 1123 1789 1188 pag.
1832 1100 2008 1186 376).

605 1210 834 1294 Itaque
877 1229 1024 1271 cum
1069 1202 1442 1269 huiusmodi
1488 1200 1957 1268 Conventionis
1997 1211 2188 1289 pacta
2230 1212 2301 1267 et
2342 1206 2729 1271 concordata
2766 1206 2831 1271 in

439 1311 734 1379 omnibus
775 1318 842 1373 et
885 1301 1160 1393 singulis
1203 1303 1484 1392 punctiS,
1556 1300 1880 1385 clausulis»,
1921 1301 2207 1369 articulis
2252 1313 2319 1368 et
2362 1306 2829 1373 conditionibus

439 1421 576 1477 tum
615 1436 652 1477 a
689 1408 935 1489 Nobis,
979 1415 1115 1471 tum
1155 1429 1196 1469 a
1235 1400 1671 1471 Serenissimo
1712 1401 2017 1489 Principe
2053 1401 2379 1469 Federico
2427 1404 2677 1491 Magno
2718 1404 2827 1471 Ba·

445 1512 670 1577 darum
714 1509 903 1576 Duce
945 1505 1188 1571 fuerint
1229 1504 1623 1593 approbata,
1669 1501 2045 1567 confirmata
2088 1512 2156 1567 et
2194 1504 2545 1589 ratificata,
2590 1516 2661 1571 et
2698 1528 2831 1571 eum

443 1612 586 1700 ipse
633 1609 1046 1677 Celsissimus
1091 1606 1404 1693 Princeps
1463 1605 1656 1671 enixe
1720 1605 2176 1692 efflagitaverit
2198 1658 2218 1690 ,
2288 1619 2363 1673 ut
2410 1632 2531 1699 pro
2570 1610 2831 1677 firmiori

445 1734 668 1779 eorum
712 1709 1158 1791 subsistentia,
1201 1709 1401 1773 robur
1442 1707 1863 1795 Apostolicae
1908 1707 2231 1773 firmitatis
2266 1708 2695 1777 adficeremus
2708 1760 2730 1795 ,
2770 1734 2831 1776 ac

441 1814 898 1879 solemniorem
946 1810 1407 1890 auctoritatem,
1453 1817 1521 1873 et
1560 1807 1895 1873 decretum
1942 1808 2530 1898 interponeremus,
2582 1811 2720 1877 Nos
2764 1812 2825 1877 in

437 1914 722 1981 Domino
769 1912 960 1999 plane
1005 1909 1406 1975 confidentes
1451 1910 1614 1987 fore,
1654 1918 1727 1973 ut
1768 1932 1889 1997 pro
1925 1932 2041 1975 sua
2072 1912 2519 1977 misericordia
2558 1914 2673 1978 has
2702 1912 2825 1978 No·
2939 1986 2940 1989 Ἴ

438 2025 600 2082 stras
643 2034 826 2077 curas
883 2020 950 2075 et
1003 2010 1216 2077 studia
1256 2009 1340 2073 ad
1399 2008 1881 2097 componendas
1922 2010 1992 2074 in
2034 2010 2275 2097 Magno
2322 2012 2657 2077 Badarum
2698 2013 2827 2078 Du·
2938 1994 2940 2017 Ι

438 2122 580 2181 catu
625 2110 1084 2179 ecclesiasticas
1125 2132 1232 2175 res
1273 2109 1521 2175 intenta
1558 2109 1903 2175 uberrimis
1936 2109 2191 2175 divinae
2234 2134 2391 2177 suae
2433 2113 2683 2198 gratiae
2728 2114 2827 2179 do-

435 2213 536 2280 nis
571 2212 880 2302 prosequi
926 2210 1254 2297 dignetur,
1289 2232 1375 2275 ex
1417 2220 1593 2275 certa
1634 2210 1920 2292 scientia,
1966 2220 2033 2275 et
2076 2221 2327 2277 matura
2370 2212 2825 2281 deliberatione

436 2314 696 2398 Nostra,
743 2312 956 2398 deque
1001 2311 1419 2401 Apostolicae
1462 2310 1745 2376 Nostrae
1786 2310 2125 2398 potestatis
2164 2312 2573 2399 plenitudine
2618 2336 2826 2401 supra-

437 2413 638 2479 dictas
684 2411 1186 2493 Conventiones,
1233 2408 1551 2500 Capitula,
1596 2410 1791 2475 Pacta
1803 2458 1823 2493 ,
1864 2408 2271 2477 Concordata
2284 2460 2305 2495 ,
2350 2420 2417 2477 et
2460 2410 2825 2479 Concessio-

434 2536 554 2580 nes
595 2522 824 2579 tenore
865 2512 1304 2601 praesentium
1349 2511 1804 2599 approbamus,
1846 2511 2258 2594 ratificamus,
2303 2521 2369 2575 et
2406 2523 2823 2602 acceptamus,

437 2615 698 2700 illisque
741 2612 1108 2701 Apostolici
1147 2611 1516 2677 muniminis
1535 2660 1555 2693 ,
1632 2620 1699 2675 et
1738 2610 2058 2676 firmitatis
2124 2614 2327 2678 robur
2388 2621 2583 2697 atque
2626 2612 2825 2679 effica-

435 2714 598 2780 ciam
637 2716 1071 2803 adiungimus‚
1118 2715 1462 2799 omniaque
1503 2714 1573 2778 in
1612 2713 1693 2779 iis
1736 2722 2056 2796 contenta,
2098 2723 2168 2779 et
2208 2714 2529 2802 promissa
2560 2715 2821 2795 sincere,
2936 2708 2938 2713 ’

435 2822 504 2877 et
541 2814 1000 2880 inviolabiliter
1045 2836 1133 2880 ex
1171 2814 1414 2879 Nostra
1457 2823 1525 2879 et
1576 2812 1855 2881 Sanctae
1908 2811 2105 2879 Sedis
2166 2823 2351 2901 parte
2409 2814 2823 2903 adimpletum
2936 2832 2938 2905 j

437 2921 504 2977 et
547 2923 873 2979 servatum
917 2913 997 2977 iri
1037 2923 1167 2978 tam
1213 2914 1492 2995 Nostro,
1541 2936 1733 2999 quam
1776 2912 2245 2980 Successorum
2286 2914 2678 2983 Nostrorum
2718 2938 2821 2981 no·
2937 2938 2938 2945 ¹

437 3013 611 3078 mine
653 3012 1088 3102 promittimus
1131 3036 1206 3078 ac
1246 3013 1664 3101 spondemus.

602 3112 838 3179 Maiori
875 3123 1090 3179 autem
1132 3134 1260 3200 qua
1294 3136 1639 3203 possumus
1686 3115 2097 3182 contentione
2152 3115 2343 3181 etiam
2396 3125 2593 3202 atque
2638 3116 2817 3181 etiam

436 3235 795 3296 monemuS,
845 3223 910 3279 et
951 3214 1285 3281 hortamur
1327 3224 1464 3281 tum
1482 3216 1947 3281 Venerabilem
1977 3214 2276 3281 Fratrem
2314 3216 2383 3283 in
2426 3217 2662 3283 eodem
2690 3212 2811 3280 Ma-

435 3334 570 3400 gno
613 3313 871 3380 Ducatu
915 3314 1502 3405 Archiepiscopum
1526 3365 1546 3398 ,
1616 3324 1753 3379 tum
1818 3314 1978 3381 alios
2024 3336 2245 3381 omnes
2290 3314 2661 3383 catholicos
2702 3334 2805 3379 seu

439 3414 946 3496 ecclesiasticos,
1017 3436 1131 3479 seu
1174 3416 1370 3480 laicos
1414 3416 1589 3480 viros
1634 3414 1702 3479 in
1738 3414 1855 3480 illo
1901 3414 2143 3501 Magno
2185 3415 2448 3481 Ducatu
2496 3416 2818 3501 degentes,

431 3524 508 3580 ut
544 3514 985 3599 unusquisque
1027 3536 1148 3602 pro
1191 3536 1305 3579 sua
1350 3525 1537 3602 parte
1582 3514 1795 3580 omnia
1836 3516 2207 3603 praemissa,
2252 3524 2321 3581 et
2354 3524 2543 3603 pacta
2583 3515 2665 3581 ad
2696 3535 2815 3579 ma-

432 3615 640 3681 iorem
673 3616 802 3681 Dei
845 3614 1120 3703 gloriam
1136 3663 1156 3696 ,
1229 3615 1561 3680 christiani
1599 3615 1875 3681 nominis
1944 3616 2145 3681 decus
2210 3625 2505 3681 accurate
2550 3620 2815 3693 servent,

434 3738 510 3783 ac
550 3738 800 3783 summo
853 3715 1063 3779 studio
1129 3734 1354 3780 eorum
1411 3736 1637 3781 omnes
1680 3739 1864 3783 curas
1886 3764 1906 3799 ‚
1948 3716 2529 3802 'cogitationesque
2570 3732 2813 3802 semper

439 3816 509 3881 in
547 3817 618 3880 id
662 3815 1012 3897 conferant,
1056 3823 1129 3879 ut
1169 3816 1521 3881 catholicae
1570 3817 1899 3883 doctrinae
1941 3816 2207 3905 puritaS,
2256 3840 2333 3882 ac
2376 3816 2584 3881 divini
2628 3816 2819 3881 cultus

441 3917 631 3999 nitor,
679 3924 744 3981 et
787 3914 1256 3981 ecclesiasticae
1295 3916 1674 4005 disciplinae
1718 3917 2067 4007 splendor,
2130 3927 2197 3983 et
2234 3914 2569 3983 Ecclesiae
2615 3918 2820 4003 legum

441 4015 866 4097 observantia,
911 4037 1294 4101 morumque
1334 4018 1643 4105 probitas,
1684 4018 2012 4099 honestaS,
2060 4027 2125 4082 et
2167 4017 2549 4084 christianae
2582 4014 2817 4107 pietatis

439 4140 514 4182 ac
555 4116 808 4183 virtutis
855 4138 1055 4199 amor,
1095 4124 1163 4181 et
1205 4138 1402 4205 opera
1445 4117 1733 4201 quotidie
1777 4118 1985 4205 magis
2026 4117 2423 4203 refulgeant.

603 4218 1051 4283 Decernentes
1095 4216 1356 4281 easdem
1397 4226 1774 4305 praesentes
1817 4216 2097 4283 Litteras
2132 4217 2317 4283 nullo
2346 4239 2635 4303 unquam
2676 4226 2815 4282 tem-

438 4340 602 4407 pore
649 4319 732 4383 de
791 4317 1226 4405 subreptionis
1293 4326 1360 4383 et
1403 4317 1800 4406 obreptionis
1854 4326 1964 4383 aut
2036 4316 2347 4383 nullitatis
2390 4316 2547 4381 vitio
2590 4316 2701 4383 vel
2738 4316 2817 4380 in-

437 4414 742 4477 tentionis
783 4416 1063 4481 Nostrae
1087 4465 1108 4498 ,
1165 4428 1276 4485 aut
1335 4418 1463 4483 alio
1513 4438 1917 4502 quocumque
1941 4466 1961 4499 ,
2020 4418 2313 4502 quamvis
2368 4438 2609 4503 magno
2635 4462 2656 4501 ,
2728 4422 2821 4481 aut
