2959 4984
429 285 466 338 8
701 283 796 339 lv.
867 284 970 337 Ex
1003 280 1226 337 LIBRO
1257 281 1533 337 DIURNO
1566 280 2039 337 ROMANORUM
2076 282 2542 339 PONTIFIGUM.

421 463 540 536 est,
583 453 774 517 etiam
817 450 1070 539 lapides
1111 452 1256 539 ipsi,
1297 453 1623 517 fleverunt
1666 453 1937 518 exitum.
1986 454 2117 519 Die
2160 453 2338 519 enim
2374 454 2479 519 Ill.
2525 455 2832 519 instantis

421 553 664 619 mensis
707 552 898 634 obiit,
947 574 1067 639 pro
1115 552 1294 617 cuius
1335 554 1727 619 consternati
1743 602 1763 635 ,
1810 562 1885 619 ut
1924 551 2209 619 diximus
2227 604 2249 636 ,
2290 555 2521 619 funere
2537 604 2557 637 ,
2600 578 2839 621 omnes

418 653 654 739 grandi
709 652 1004 717 tristitiae
1061 652 1418 739 premimur
1473 654 1683 736 mole,
1752 654 1835 719 ad
1898 654 2101 719 solam
2152 653 2401 720 Christi
2445 654 2575 720 Dei
2618 656 2839 720 nostri

420 754 632 820 cordis
679 754 900 819 oculos
941 752 1420 817 miserationem
1463 754 1866 836 attollentes,
1930 764 2003 818 ut
2042 755 2185 841 ipse
2235 753 2543 839 dignetur
2588 757 2836 821 subve-

416 855 561 919 nire
589 853 979 941 desperatis,
1027 862 1094 916 et
1145 874 1297 917 suae
1327 852 1677 940 providere
1706 853 1979 939 dignum
2024 863 2347 919 rectorem
2396 856 2743 941 ecclesiae,
2793 883 2835 921 a

419 978 546 1041 quo
589 954 856 1019 fundata
895 963 1010 1036 est,
1055 954 1166 1038 qui
1211 953 1402 1017 etiam
1448 962 1551 1019 est
1587 954 1937 1041 pollicitus,
1980 978 2115 1018 non
2158 958 2224 1019 ei
2251 956 2643 1041 praevalere
2664 980 2839 1043 por-

423 1067 522 1119 tas
567 1052 838 1139 auset-ni.
929 1054 1090 1118 Post
1149 1052 1436 1117 divinum
1508 1054 1819 1118 auxilium
1876 1055 1963 1119 ad
2020 1064 2303 1120 vestram
2348 1056 2837 1141 excellentiam,

420 1155 702 1221 Domine
745 1154 852 1219 Ill.
899 1154 1442 1218 excellentissime
1459 1202 1479 1235 ,
1548 1163 1615 1217 et
1656 1178 1693 1219 a
1738 1153 1886 1218 Deo
1930 1154 2117 1219 nobis
2160 1155 2376 1219 multis
2421 1156 2839 1243 temporibus
2953 1232 2954 1243 χ

421 1253 864 1338 concedende,
909 1274 1134 1319 omnes
1177 1254 1491 1319 habemus
1538 1254 1862 1319 fiduciam.
1918 1254 2089 1319 Ecce
2132 1263 2433 1319 eventum
2474 1254 2840 1341 lugubrem
2953 1276 2954 1313 ῑ

420 1351 864 1435 indicavimus,
909 1353 1058 1437 quia
1099 1352 1182 1417 ad
1219 1361 1507 1417 nostram
1557 1354 2067 1419 consolationem
2112 1354 2461 1419 humanum
2504 1356 2665 1422 alibi
2692 1380 2839 1423 non

419 1451 732 1517 habe-mus
777 1452 1174 1538 confugium.

1423 1600 1678 1667 Titulus
1721 1602 1811 1668 H.

995 1706 1346 1774 Decretum
1396 1710 1474 1774 de
1526 1710 1837 1776 electione
1882 1710 2247 1798 Pontq’fi'cz‘s.

597 1858 780 1924 Inter
813 1866 1086 1942 caetera,
1133 1880 1296 1943 quac
1333 1882 1621 1926 summae
1664 1862 2015 1929 divinitatis
2060 1866 2328 1931 consilio
2376 1868 2845 1957 disponuntur,

418 1957 819 2023 Pontificalis
861 1960 1290 2047 promotionis
1339 1961 1731 2045 sublimitas,
1795 1963 1971 2051 ipso,
2027 1988 2065 2028 a
2110 1986 2239 2050 quo
2283 1969 2581 2055 procedit
2629 1994 2839 2038 omne
2953 2030 2954 2039 2

420 2059 596 2142 quod
638 2061 877 2125 bonum
923 2068 1040 2142 est,
1089 2060 1615 2149 praedestinante
1654 2086 1729 2126 ac
1769 2064 2112 2149 largiente,
2156 2067 2567 2134 concediturz
2632 2073 2837 2139 nimi·
2953 2064 2954 2075 ¹

415 2184 562 2227 rum
606 2162 788 2226 novit
827 2161 1124 2226 humanis
1167 2163 1362 2226 rebus
1409 2162 1819 2247 providentia
1849 2162 2067 2229 divina
2098 2188 2495 2252 succurrere,
2542 2180 2609 2234 et
2644 2194 2840 2239 moe-

417 2262 697 2327 rentium
747 2262 937 2325 fletus
977 2284 1054 2325 ae
1090 2261 1373 2347 gemitus
1416 2262 1487 2327 in
1540 2263 2009 2329 exultationem
2054 2276 2474 2351 convertere3
2539 2278 2613 2335 ut
2632 2321 2651 2353 ,
2728 2276 2849 2359 qui

415 2384 627 2450 nuper
689 2364 1261 2427 consternabantur
1319 2362 1541 2426 afflicti
1558 2412 1578 2445 ,
1641 2364 2058 2451 postmodum
2126 2379 2485 2455 appareant
2547 2370 2839 2439 nimium

417 2463 746 2531 consolati.
793 2460 1100 2530 Canentis
1147 2462 1318 2527 enim
1353 2462 1559 2547 Regis
1605 2472 1753 2529 sunt
1798 2464 1983 2547 dicta,
2031 2488 2194 2551 quae
2228 2465 2505 2535 Sanctus
2534 2469 2841 2559 Spiritus

417 2562 501 2626 de
549 2563 792 2649 templo
837 2563 1234 2651 prophetalis
1283 2562 1495 2626 cordis
1540 2563 1843 2629 insonuit.
1913 2564 2030 2628 Ad
2067 2589 2409 2652 vesperum
2460 2570 2843 2641 demorabi-

421 2676 526 2725 tur
549 2662 748 2743 fletus
773 2708 794 2741 ,
841 2676 902 2725 et
949 2663 1042 2726 ad
1079 2664 1462 2726 matutinum
1510 2663 1781 2729 laetitia.
1876 2666 2008 2747 Qui
2052 2675 2117 2730 et
2160 2667 2395 2731 iterum
2436 2670 2678 2756 gratias
2728 2698 2842 2740 re·-
2953 2670 2954 2711 ³

387 2761 646 2827 ‘ferens
707 2762 889 2844 Deo,
937 2762 1404 2827 beneficiorum
1464 2763 1603 2829 eius
1669 2763 2217 2851 magnificentiam
2280 2768 2449 2832 canit
2504 2778 2570 2833 et
2630 2772 2841 2840 dicit:
2953 2782 2954 2831 ἐ

427 2860 830 2926 Convertisli
865 2862 1201 2947 planctum
1246 2886 1452 2927 meum
1494 2866 1563 2927 in
1600 2864 1913 2950 qaudium
1944 2866 2125 2945 mihi,
2176 2868 2529 2933 concidisti
2557 2893 2846 2939 saccum
2953 2874 2954 2937 3

419 2986 626 3027 meum
643 3009 664 3042 ,
713 2976 772 3025 et
807 2965 1260 3048 praecinxisti
1295 2986 1396 3026 me
1439 2964 1735 3045 laetitia,
1776 2978 1850 3029 ut
1892 2980 2079 3029 canet
2120 2966 2246 3031 tibi
2279 2968 2501 3055 yloria
2540 2992 2724 3050 mea,
2777 2989 2845 3039 et
2953 2964 2954 3009 ³

417 3086 550 3127 non
595 3086 1030 3150 compunqar,
1089 3067 1227 3151 ipsi
1265 3068 1433 3129 enim
1475 3088 1637 3131 cura
1682 3066 1761 3130 de
1799 3064 1985 3130 nobis
2032 3080 2165 3147 est,
2207 3076 2279 3132 ut
2320 3090 2432 3132 vas
2482 3070 2842 3141 electionis
2953 3062 2954 3069 ἵ

419 3172 486 3227 et
525 3184 716 3229 verae
759 3163 916 3228 fidei
957 3173 1180 3229 monet
1215 3165 1572 3253 integritas.
1672 3166 1935 3255 Quippe
1978 3188 2141 3251 quae
2184 3176 2333 3231 sunt
2377 3168 2697 3255 tristitiae,
2748 3176 2843 3240 ad

420 3263 731 3348 gaudium
774 3264 1140 3329 miserando
1183 3266 1500 3354 perducit,
1558 3267 1733 3353 quod
1774 3276 1841 3331 et
1883 3267 2068 3332 nobis
2116 3267 2372 3354 exiguis
2416 3277 2482 3332 et
2521 3282 2840 3358 peccato·

418 3364 595 3429 ribus
646 3386 839 3452 opem
885 3366 968 3429 de
1009 3366 1148 3431 eius
1191 3367 1637 3433 misericordia
1677 3366 2223 3457 praestolantibus
2274 3367 2563 3453 dignatio
2610 3372 2839 3439 caele-
2953 3388 2954 3455 j

417 3464 532 3528 stis
577 3464 888 3531 exhibuit.

583 3564 842 3629 Etenim
880 3566 1266 3654 pontificalis
1309 3567 1661 3631 memoriae
1703 3568 1987 3632 Domino
2016 3568 2122 3632 111.
2164 3566 2343 3656 Papa
2389 3567 2471 3632 de
2510 3590 2839 3656 praesen—
2953 3556 2954 3559 Ἴ

419 3664 588 3729 tibus
645 3665 816 3729 euris
871 3666 956 3729 ad
1013 3675 1340 3730 aeternam
1395 3667 1690 3751 requiem
1748 3676 2009 3733 evocato
2028 3718 2047 3751 ,
2114 3676 2189 3732 ut
2229 3669 2470 3733 assolet
2512 3668 2836 3739 humanis
2953 3724 2954 3757 3

416 3766 610 3830 rebus
652 3764 982 3849 accidere,
1049 3788 1284 3851 magna
1324 3788 1442 3830 nos
1482 3766 1884 3831 tristitiarum
1930 3769 2138 3835 moles
2182 3769 2621 3835 obstrinxerat
2666 3792 2839 3855 pro-
2953 3776 2954 3779 ’

415 3864 562 3951 prio
605 3864 1054 3953 dispensatore
1093 3866 1472 3931 destitutos:
1518 3866 1635 3932 sed
1680 3890 1814 3933 non
1858 3868 1969 3933 diu
1997 3870 2067 3934 in
2094 3868 2441 3935 afflictione
2466 3868 2845 3957 persistere
2953 3846 2954 3917 }

418 3973 723 4029 consueta
745 3966 876 4029 Dei
921 3966 1124 4030 nostri
1168 3966 1535 4053 benignitas
1575 3976 1909 4056 sperantes
1936 3968 2003 4035 in
2042 3990 2113 4034 se
2146 3970 2513 4055 dereliquit.
2560 3970 2831 4039 Divina
2953 3964 2954 3991 *

419 4064 591 4128 enim
633 4064 816 4129 nobis
854 4063 923 4129 in
965 4066 1254 4132 oratione
1296 4068 1723 4151 manentibus,
1761 4078 1835 4133 ut
1878 4070 2171 4135 caelestis
2213 4070 2505 4155 dignatio
2547 4069 2840 4139 demon-
2953 4072 2954 4145 ἒ

417 4172 668 4247 straret,
716 4185 909 4249 quem
957 4166 1230 4253 dignum
1275 4168 1358 4233 ad
1402 4168 1876 4235 successionem
1926 4170 2347 4257 Apostolicae
2388 4168 2553 4233 vicis
2595 4168 2847 4239 iubeat

417 4264 814 4349 eligendum,
865 4266 1000 4331 eius
1038 4268 1248 4355 gratia
1287 4270 1703 4357 suffragante,
1752 4279 1817 4334 et
1850 4269 2135 4335 omnium
2177 4268 2405 4334 animis
2437 4268 2843 4359 inspirante,
2953 4270 2954 4333 ³

413 4364 483 4427 in
529 4386 736 4431 unum
771 4368 1300 4434 convenientibus
1345 4370 1555 4453 nobis,
1603 4378 1681 4434 ut
1717 4369 1917 4443 moris
1966 4378 2083 4453 est,
2122 4368 2193 4434 id
2241 4378 2361 4452 est,
2408 4367 2655 4435 cunctis
2702 4369 2842 4439 Sa·
2953 4392 2954 4395 ’

415 4464 782 4532 cerdotibus
847 4491 923 4531 ac
983 4468 1371 4536 Proceribus
1439 4468 1771 4539 Ecclesiae
1790 4518 1810 4554 ,
1882 4478 1949 4535 et
2002 4468 2305 4535 universo
2354 4467 2549 4534 Clero
2610 4477 2834 4556 atque
2953 4472 2954 4477 ’
