2959 4984
461 326 568 381 326
1009 278 1639 371 osanam-:miscus
1680 310 2331 365 xmoHsNPRovmz

464 496 684 559 futuro
729 489 1057 579 Episcopo
1101 485 1172 551 in
1215 482 1409 569 locis,
1467 504 1633 569 quae
1680 480 1961 547 maxima
2002 480 2072 546 in
2114 486 2301 569 parte
2345 483 2426 547 ab
2471 480 2869 547 Acatholicis

464 590 922 670 inhabitantur,
965 606 1172 651 novae
1207 582 1621 649 Parochiales
1662 580 1997 647 Ecclesiae
2040 604 2161 669 pro
2196 578 2551 646 Catholicis
2592 580 2867 645 funden·

468 702 592 774 tur,
635 689 690 754 si
724 687 850 777 ipsi
888 686 957 751 in
997 704 1236 771 magno
1283 682 1410 748 sint
1453 703 1747 763 numero,
1794 680 1848 745 si
1888 702 2046 745 vero
2092 679 2358 767 exiguo,
2390 680 2721 745 Paroeciis
2750 678 2867 745 Ca-

478 788 735 856 tholicis
777 784 1189 851 vicinioribus
1229 782 1692 847 adscribantur.

633 885 882 974 (VIH.)
967 882 1263 950 Ecclesia
1299 881 1709 970 Episcopalis
1750 879 1803 943 F
1802 879 2098 945 uldensis
2142 902 2263 967 pro
2292 880 2708 945 Dioecesano
2756 900 2870 943 suo

470 986 828 1057 Territorio
871 983 1136 1050 habebit
1177 991 1381 1047 totum
1421 980 1865 1046 Electoratum
1907 980 2198 1062 Hassiae‚
2242 979 2555 1046 videlicet
2594 980 2869 1064 quadra

467 1090 650 1179 ginta
689 1084 1030 1153 Paroecias
1075 1090 1221 1147 actu
1261 1082 1330 1147 in
1369 1082 1511 1169 ipsa
1552 1078 1861 1145 Dioecesi
1922 1078 2462 1167 comprehensas,
2526 1080 2873 1145 Paroecias

469 1188 703 1276 viginti
745 1208 832 1253 ex
857 1182 1120 1268 antiqua
1143 1180 1647 1269 Metropolitana
1672 1178 1980 1244 Dioecesi
2016 1178 2171 1244 olim
2198 1178 2601 1267 Moguntina,
2646 1190 2878 1267 postea

469 1284 958 1367 Ratisbonensi,
1016 1291 1208 1368 atque
1249 1304 1447 1347 unam
1489 1281 1559 1345 in
1598 1282 1745 1346 loco
1787 1280 2229 1345 Volkmarsen
2276 1302 2363 1345 ex
2400 1280 2708 1347 Dioecesi
2756 1282 2875 1346 Pa-

473 1384 919 1468 derbornensi,
965 1381 1246 1471 demptis
1286 1381 1417 1446 illis
1459 1380 1920 1447 Paroeciarum
1963 1380 2401 1463 fractionibus,
2446 1402 2613 1465 quae
2654 1381 2727 1445 in
2756 1381 2875 1445 Ba-

476 1488 690 1554 varico
716 1486 950 1573 Regno
995 1481 1350 1549 existentes
1393 1480 1899 1570 proximioribus
1930 1479 2073 1545 aliis
2099 1479 2427 1545 Paroeeiis
2452 1481 2877 1547 Dioecesium

477 1588 692 1676 Regni
737 1583 1048 1650 Bavariae
1101 1590 1212 1647 aut
1251 1580 1378 1645 iam
1421 1580 1778 1669 applicatae
1822 1580 2119 1662 fuerunt,
2185 1588 2295 1645 aut
2338 1581 2521 1645 brevi
2560 1603 2649 1646 ex
2691 1582 2876 1669 Apo-

480 1688 704 1755 stolica
744 1681 1161 1770 delegatione
1205 1680 1717 1769 applicabuntur.
1758 1678 2217 1744 Paroeciarum
2248 1688 2465 1744 autem
2500 1690 2877 1748 exterarum

479 1786 848 1866 fractiones,
885 1783 956 1847 in
999 1781 1244 1847 ditione
1271 1780 1579 1845 Hassiaca
1620 1779 1994 1863 existentes,
2030 1779 2415 1868 proximiori
2461 1781 2651 1846 alicui
2672 1782 2879 1847 Dioe-

479 1886 644 1953 cesis
669 1882 1017 1949 Fuldensis
1042 1881 1392 1947 Paroeciae
1431 1882 1541 1945 vel
1566 1880 1895 1946 Paroeciis
1938 1888 2130 1945 erunt
2156 1879 2598 1969 applicandae.
2642 1881 2881 1947 Eidem

475 1986 726 2051 interea
767 1982 1081 2048 Fulde'nsi
1123 1981 1434 2047 Dioecesi
1494 1980 1704 2045 unitas
1772 1979 2197 2065 relinquimus
2256 2003 2493 2046 novem
2535 1980 2879 2047 Paroecias

475 2086 546 2150 in
581 2083 828 2169 Magno
869 2083 1129 2148 Ducatu
1176 2079 1503 2147 Saxonico
1551 2081 1949 2147 Vimariensi
2006 2082 2192 2164 sitas,
2248 2081 2332 2146 de
2388 2082 2621 2167 quibus
2668 2082 2881 2163 aliter,

474 2184 530 2251 si
579 2206 744 2273 opus
791 2181 1024 2264 fuerit,
1073 2180 1462 2270 disponendi
1502 2180 1733 2263 Nobis,
1786 2188 1852 2245 et
1892 2180 2203 2247 Romanis
2247 2180 2673 2247 Pontificibus
2716 2179 2881 2248 Suc-

474 2282 839 2357 cessoribus
882 2281 1140 2349 Nostris
1183 2282 1555 2345 facultatem
1594 2282 1801 2347 libere
1848 2303 2275 2347 reservamus,

641 2382 821 2469 (IX.)
909 2380 1517 2466 Rottemburgensis
1560 2380 1966 2469 Episcopalis
2003 2380 2297 2447 Ecclesia
2340 2404 2461 2469 pro
2505 2404 2624 2446 suo
2658 2379 2875 2445 Terri-

475 2484 638 2551 torio
703 2483 1115 2551 Dioecesano
1182 2480 1445 2547 habebit
1506 2482 1837 2569 integrum
1898 2482 2204 2567 Regnum
2258 2480 2877 2567 Wirtembergense

472 2608 619 2650 cum
639 2582 966 2649 Paroeciis
1011 2581 1329 2663 omnibuS‚
1375 2603 1541 2667 quae
1582 2581 1710 2645 iam
1756 2584 1837 2647 ab
1881 2604 2049 2646 anno
2092 2580 2437 2645 millesimo
2468 2582 2870 2667 octingente-

475 2684 638 2751 simo
697 2682 949 2747 decimo
1011 2690 1200 2746 sexto
1259 2682 1338 2746 ab
1399 2681 1815 2767 Augustana,
1880 2680 2213 2770 Spirensi,
2280 2680 2751 2745 Wormatiensi
2816 2690 2878 2745 et

475 2780 940 2869 Herbipolensi
983 2780 1414 2845 Dioecesibus
1474 2781 1741 2846 fuerunt
1780 2790 2147 2869 separatae,
2206 2801 2329 2845 nec
2370 2802 2503 2844 non
2544 2778 2878 2845 Paroeciis

477 2880 561 2947 ad
593 2902 1014 2997 suppressam
1055 2880 1578 2968 Praepositarum
1621 2880 1743 2949 Sti.
1786 2878 1926 2947 Viti
1971 2880 2345 2947 Elvacensis
2387 2879 2630 2944 nullius
2670 2879 2871 2944 Dioe-

481 2981 644 3047 eesis
686 2989 874 3045 antea
913 2979 1404 3067 pertinentibus.

643 3078 784 3165 (X.)
871 3078 1272 3167 Episcopalis
1322 3079 1585 3144 demum
1632 3079 1925 3146 Ecclesia
1966 3028 2459 3167 Limburgensis
2503 3102 2625 3167 pro
2672 3079 2871 3145 Dioe-

485 3203 718 3248 cesano
781 3203 896 3246 suo
943 3172 1298 3245 Territorio
1355 3180 1620 3246 habebit
1678 3189 1884 3247 totum
1924 3183 2249 3247 Ducatum
2291 3180 2717 3246 Nassovicum
2732 3229 2753 3262 ,
2815 3180 2878 3243 in

482 3302 610 3367 quo
670 3279 1314 3369 comprehenduntur
1358 3280 1825 3367 quinquaginta
1868 3290 2011 3347 octo
2029 3281 2379 3347 Paroeciae
2420 3280 2504 3345 ad
2550 3282 2875 3365 antiquam

476 3378 1046 3462 Ratisbonensem,
1114 3390 1179 3446 et
1235 3380 1585 3446 Paroeciae
1646 3380 2113 3468 quinquaginta
2174 3380 2340 3446 duae
2406 3380 2491 3445 ad
2548 3380 2875 3465 antiquam

478 3479 934 3547 Trevirensem
979 3480 1132 3544 olim
1173 3480 1529 3546 Dioeceses
1572 3468 2101 3570 Metropolitanas
2148 3492 2535 3569 spectantes,
2584 3504 2711 3548 nec
2751 3505 2877 3547 non

477 3580 709 3669 viginti
756 3587 1029 3665 quatuor
1075 3578 1422 3645 Paroeciae
1466 3580 1537 3645 in
1581 3580 1923 3647 Provincia
1961 3582 2365 3669 Dillenburg
2412 3592 2477 3647 et
2515 3582 2871 3667 Weilburg

484 3681 876 3762 existentes,
945 3702 1020 3743 ac
1075 3678 1343 3767 insuper
1391 3680 1819 3747 Territorium
1860 3682 2108 3748 liberae*
2152 3683 2445 3750 Civitatis
2491 3682 2872 3749 Francofur-

481 3783 701 3865 tensiS,
741 3782 812 3845 in
852 3802 978 3865 quo
1023 3800 1167 3842 cum
1207 3778 1410 3843 tribus
1453 3778 1789 3847 Filialibus
1827 3781 2015 3847 unica
2056 3782 2278 3847 existit
2317 3783 2715 3848 Parochialis
2758 3782 2873 3847 Ec-

483 3883 679 3951 clesia
725 3882 841 3946 sub
883 3878 1288 3945 invocatione
1335 3876 1456 3945 Sti.
1499 3880 1983 3947 Bartholomaei
2027 3882 2353 3971 Apostoli,
2396 3883 2480 3948 ad
2528 3902 2721 3967 quam
2751 3882 2869 3948 Ga-

482 3983 707 4053 tholici
749 4000 972 4047 omnes
1018 3978 1228 4043 dictae
1275 3976 1566 4044 Civitatis
1606 4004 1681 4045 ac
1719 3982 2061 4048 Territorii
2105 3983 2455 4071 pertinent,
2500 4004 2795 4069 quaeque
2838 4006 2875 4045 a

491 4081 858 4174 supradicta
900 4078 1353 4147 Ratisbonensi
1395 4079 1704 4145 Dioecesi
1744 4082 2091 4169 pendebat.

649 4180 828 4267 (XI.)
915 4177 1332 4267 Supradictas
1371 4179 1615 4245 idcirco
1666 4179 1979 4247 Civitates
2046 4191 2113 4247 et
2152 4181 2475 4249 Ecclesias
2526 4182 2597 4246 in
2642 4180 2871 4247 Archi-

486 4280 941 4371 episcopalem,
993 4289 1058 4344 et
1107 4280 1528 4369 Episcopales
1578 4292 1823 4347 erectas
1870 4298 2015 4347 cum
2056 4282 2408 4371 praedictis
2450 4282 2611 4347 locis
2654 4289 2723 4346 et
2765 4280 2877 4345 Pa-

483 4382 716 4446 roeciis
757 4380 1042 4465 quinque
1081 4382 1623 4469 supranumeratis
1666 4382 1977 4447 Eoclesiis
2030 4405 2151 4471 pro
2195 4381 2558 4471 respectivo
2599 4380 2871 4446 Dioece-

483 4500 637 4543 sano
677 4478 1032 4542 Territorio
1079 4481 1398 4545 attributis
1416 4528 1436 4563 ,
1500 4481 1765 4545 illorum
1822 4482 2063 4547 incolas
2126 4482 2464 4565 utriusque
2513 4502 2713 4547 sexus
2754 4490 2874 4545 tam
