2959 4984
751 268 866 319 LV.
940 266 1187 319 BULLA
1224 268 1290 317 D.
1334 266 1418 319 16.
1453 265 1779 319 AUGUSTI
1814 266 1973 321 1821.
2472 266 2579 321 333

359 431 600 517 (XIX.)
685 432 800 497 Ad
843 433 1312 499 consulendum
1375 444 1715 522 praeterea
1754 435 2265 523 respectivorum
2303 434 2582 499 Dioece—

210 554 489 597 sanorum
531 534 705 597 bono
769 542 835 597 et
877 534 1315 599 commoditati
1377 534 1873 622 praescribimus
1898 572 1921 618 ·,
1980 544 2053 599 ut
2096 535 2307 599 omnia
2348 543 2415 599 et
2458 534 2584 598 sin·

206 632 344 719 gula
381 632 768 699 documenta
805 634 1218 722 respicientia
1263 634 1628 717 Paroecias,
1671 644 1739 699 et
1778 636 1921 700 loca
1964 638 2040 700 ab
2086 633 2361 720 antiquis
2384 634 2585 699 Dioe-

209 722 436 801 cesibus
480 733 962 817 dismembrata,
1003 734 1318 820 novisque
1349 735 1686 823 applicata,
1725 759 1762 799 a
1802 736 2132 800 veteribus
2167 733 2583 801 Cancellariis

209 834 631 916 extrahantur,
675 843 868 919 atque
897 843 1261 923 opportuna
1301 836 1509 899 forma
1551 836 1883 900 tradantur
1922 836 2107 900 novis
2131 834 2586 922 Archiepisco—

209 933 322 1021 pali
359 943 422 998 et
466 932 962 1022 Episcopalibus
1005 935 1372 1023 respective
1397 933 1834 1018 Cancellariis,
1877 935 1947 1000 in
1988 936 2219 1021 quibus
2262 943 2581 1023 perpetuo

209 1042 378 1098 erunt
416 1056 514 1098 ass
523 1034 827 1099 ervanda.

359 1133 564 1219 (XX.)
653 1133 892 1201 Habita
945 1157 1102 1200 vero
1161 1136 1412 1201 ratione
1469 1135 1842 1200 reddituum
1865 1184 1885 1219 ,
1960 1159 2155 1224 supra
2216 1135 2589 1201 memoratis

209 1234 751 1323 Archiepiscopali
796 1244 862 1300 et
900 1225 1392 1324 Episcopalibus
1435 1235 1747 1301 Ecclesiis
1808 1236 2173 1324 respective
2230 1236 2585 1322 assignato-

207 1354 333 1395 rum
369 1331 438 1397 in
477 1333 664 1399 libris
693 1333 1008 1401 Gamerae
1035 1336 1478 1423 Apostolicae,
1520 1344 1716 1423 prout
1754 1337 2047 1421 sequitur
2088 1358 2323 1424 nempe
2358 1336 2582 1402 Eccle-

210 1430 350 1495 siam
399 1430 917 1520 Friburgensem
967 1436 1038 1501 in
1081 1435 1344 1501 florenis
1399 1444 1783 1500 sexcentum
1841 1436 2182 1521 sexaginta
2239 1446 2381 1502 octo
2438 1460 2585 1503 cum

212 1552 324 1595 uno
365 1534 582 1618 tertio,
629 1534 988 1601 Ecclesiam
1011 1534 1462 1623 Moguntinam
1503 1536 1572 1600 in
1614 1536 1879 1601 florenis
1919 1545 2276 1630 tercentum
2318 1538 2588 1623 quadra-

209 1630 370 1715 ginta
409 1642 552 1697 octo
601 1658 746 1699 cum
784 1658 914 1701 uno
961 1644 1170 1719 sexta,
1207 1635 1568 1701 Ecclesiam
1600 1634 1998 1701 Fuldensem
2038 1636 2107 1700 in
2146 1636 2415 1701 florenis
2460 1646 2586 1703 ter-

213 1743 447 1799 centum
489 1735 762 1821 triginta
807 1728 1080 1821 duobus,
1126 1737 1486 1803 Ecclesiam
1530 1739 2171 1823 Rottenburgensem
2212 1738 2279 1802 in
2320 1738 2587 1803 florenis

213 1842 460 1916 quatuor
505 1844 772 1901 centum
809 1837 1196 1924 nonaginta,
1260 1847 1324 1902 et
1365 1837 1726 1904 Ecclesiam
1770 1837 2314 1924 Limburgensem
2352 1836 2422 1900 in
2470 1837 2587 1902 flo-

212 1933 366 1999 renis
406 1945 772 2001 tercentum
814 1936 1080 2023 triginta
1121 1937 1372 2003 duobus
1417 1938 1625 2003 taxari
1666 1938 2061 2003 mandamus.

359 2034 602 2121 (XXI.)
691 2036 914 2121 Atque
957 2046 1033 2101 ut
1077 2050 1306 2103 cuncta
1353 2062 1390 2102 a
1433 2038 1663 2121 Nobis,
1708 2048 1783 2102 ut
1827 2060 2041 2126 supra,
2090 2038 2419 2126 disposita,
2466 2038 2589 2101 rite

215 2134 286 2197 ad
340 2136 581 2205 exitum
639 2135 1112 2225 producantur,
1175 2137 1545 2225 supradicto
1600 2138 1831 2203 Ioanni
1888 2138 2215 2225 Baptistae
2259 2137 2586 2225 Episcopo

215 2232 522 2302 Evariensi
537 2285 558 2319 ,
627 2237 858 2301 harum
917 2236 1286 2303 Literarum
1349 2238 1760 2323 Exequutori
1832 2237 2174 2325 deputato,
2236 2258 2461 2301 omncs
2526 2246 2591 2301 et

214 2336 478 2423 singulas
537 2338 623 2402 ad
680 2336 1056 2402 huiusmodi
1110 2339 1412 2403 effectum
1454 2337 1850 2403 necessarias
1896 2348 1963 2401 et
2006 2346 2399 2425 opportunas
2440 2358 2588 2401 con-

215 2436 480 2503 cedimus
517 2438 894 2521 facultates,
953 2448 1026 2502 ut
1067 2439 1348 2525 praeviis
1383 2438 1765 2527 respectivis
1816 2438 2247 2502 dotationibus
2265 2484 2285 2519 ,
2330 2458 2451 2523 per
2490 2436 2586 2501 in-

214 2546 544 2605 strumenta
605 2538 674 2603 in
730 2538 946 2603 valida
1005 2538 1415 2603 diversorum
1473 2546 1756 2603 statuum
1814 2538 2021 2602 forma
2076 2536 2438 2618 exaranda,
2506 2536 2589 2600 ad

219 2637 704 2723 uniuscuiusque
731 2637 1064 2703 Ecclesiae
1105 2662 1250 2703 cum
1295 2661 1412 2704 suo
1457 2637 1759 2727 Capitulo
1803 2638 1937 2703 sive
1984 2638 2395 2720 erectionem,
2453 2637 2589 2701 sive

218 2756 428 2803 novam
471 2738 968 2821 ordinationem,
1013 2762 1087 2803 ac
1123 2739 1468 2827 respectivi
1510 2738 1850 2805 Territorii
1887 2738 2275 2803 Dioecesani
2322 2738 2589 2803 circum-

213 2835 608 2925 scriptionem
651 2838 1045 2926 procedere,
1093 2848 1448 2924 cunctaque
1490 2839 1613 2904 alia
1631 2888 1652 2921 ,
1718 2847 1794 2903 ut
1832 2861 2029 2926 supra
2070 2838 2361 2903 ordinata
2400 2860 2585 2925 pera-

211 2955 352 3019 gere
392 2960 463 3001 ac
502 2944 789 3002 statuere
811 2986 832 3021 ,
873 2937 1178 3024 delegata
1221 2938 1342 3004 sibi
1384 2938 1767 3026 Apostolica
1804 2939 2179 3004 auctoritate
2220 2940 2426 3004 libere
2444 2988 2463 3021 ,
2511 2961 2586 3003 ac

210 3031 364 3099 licite
399 3036 624 3123 possit,
669 3046 733 3101 et
772 3040 1016 3121 valeat;
1061 3048 1254 3123 atque
1305 3038 1577 3103 ulterius
1619 3038 1747 3126 ipsi
1786 3039 2015 3103 Ioanni
2054 3039 2386 3126 Baptistae
2430 3038 2584 3127 Epi—

217 3156 390 3225 scopo
435 3139 808 3203 facultatem
849 3138 1093 3226 pariter
1122 3138 1481 3221 tribuimus,
1524 3147 1599 3202 ut
1625 3138 1707 3202 ad
1748 3139 2010 3225 plenam
2042 3160 2263 3203 rerum
2304 3139 2587 3203 omnium

209 3233 266 3299 in
292 3236 442 3303 locis
466 3238 854 3327 praesertim
891 3240 972 3303 ab
1003 3240 1140 3303 eius
1176 3235 1527 3303 residentia
1561 3238 1848 3319 remotiS‚
1884 3238 2341 3303 executionem
2374 3261 2586 3321 unam,

213 3356 312 3399 seu
346 3338 566 3425 plures
611 3360 976 3427 personam,
1007 3340 1115 3403 vel
1143 3361 1454 3427 personas
1501 3338 1569 3403 in
1598 3338 1916 3423 dignitate
1950 3337 2401 3404 Ecclesiastica
2439 3361 2588 3403 con-

213 3435 508 3521 stitutam,
568 3439 680 3503 v'el
723 3438 1096 3503 constitutas
1135 3439 1603 3524 subdelegare,
1673 3447 1737 3501 et
1785 3448 1914 3503 tam
1956 3438 2101 3526 ipse
2147 3438 2425 3503 Ioannes
2468 3437 2589 3501 Ba-

217 3535 410 3621 ptista,
449 3562 646 3624 quam
688 3560 986 3626 persona,
1025 3538 1136 3603 vel
1179 3561 1498 3627 personae
1546 3541 1623 3604 ab
1666 3560 1743 3604 eo
1792 3538 1885 3603 sic
1930 3539 2434 3625 subdeleganda,
2484 3538 2593 3602 vel

213 3636 718 3725 subdelegandae
765 3661 960 3726 super
1013 3660 1413 3725 quacumque
1459 3639 1901 3727 oppositione,
1972 3639 2041 3703 in
2072 3648 2215 3702 actu
2264 3637 2589 3701 executio—

219 3736 304 3799 nis
352 3738 722 3804 huiusmodi
782 3738 1270 3824 quomodolibet
1331 3739 1549 3805 forsan
1592 3740 1867 3821 oritura,
1942 3738 2206 3803 servatis
2250 3746 2465 3802 tamen
2510 3736 2593 3801 de

219 3832 345 3901 iure
387 3838 756 3923 servandis,
817 3840 1010 3905 etiam
1045 3840 1411 3924 definitive,
1457 3849 1523 3905 et
1566 3860 1966 3925 quacumque
2017 3838 2451 3926 appellatione
2494 3860 2594 3901 re—

216 3947 368 4002 mota
407 3939 831 4025 pronuntiare
865 3940 1071 4006 libere
1093 3990 1113 4023 ,
1173 3940 1332 4005 item
1393 3964 1468 4005 ac
1506 3940 1681 4006 licite
1738 3940 1987 4029 possint
2007 3988 2027 4021 ,
2102 3948 2169 4003 et
2208 3937 2479 4021 valeant,
2523 3960 2598 4003 ac

217 4037 468 4119 quilibet
511 4062 736 4107 eorum
778 4039 1143 4128 respective
1187 4041 1410 4128 possit,
1458 4049 1525 4105 et
1558 4042 1791 4105 valeat.
1850 4039 2087 4105 Eidem
2127 4060 2322 4127 porro
2366 4038 2595 4104 Ioanni

217 4134 526 4225 Baptistae
569 4140 896 4229 Episcopo
941 4162 1254 4229 expresse
1293 4141 1725 4227 iniungimus,
1788 4149 1857 4204 et
1900 4140 2279 4205 mandamus
2302 4190 2321 4223 ,
2362 4148 2436 4204 ut
2482 4162 2593 4205 ex-

221 4238 414 4326 empla
461 4240 869 4327 singulorum
911 4250 1212 4307 actorum
1247 4250 1372 4307 tam
1419 4264 1542 4329 per
1584 4264 1686 4324 se,
1730 4263 1917 4326 quam
1972 4262 2091 4328 per
2136 4240 2595 4326 subdelegatos

221 4358 356 4403 suos
399 4340 470 4405 in
508 4341 735 4405 harum
774 4340 1140 4406 Literarum
1175 4343 1627 4407 executionem
1655 4340 2204 4407 conficiendorum
2236 4339 2407 4405 intra
2445 4362 2595 4425 qua-

223 4436 548 4506 drimestre
603 4444 681 4507 ab
747 4441 1010 4529 expleta
1060 4442 1345 4530 ipsarum
1397 4442 1781 4507 executione
1828 4441 1911 4506 ad
1958 4441 2425 4530 Apostolorum
2470 4440 2590 4507 Se-

931 4752 949 4783 Q
