2959 4984
626 351 745 400 XX.
818 351 1013 402 ORDO
1052 343 1564 414 INQUISITIONIS
1609 351 1683 402 IN
1722 349 2026 403 SYNODO.
2459 350 2564 404 115

185 519 240 573 et
274 511 492 598 populi
532 515 651 579 sub
699 515 790 578 eis
832 513 1159 578 constituti
1196 513 1558 578 visitatores
1593 513 2008 579 honorabiles
2053 513 2231 578 viros
2267 513 2564 578 dominos

179 609 425 676 Petrum
462 613 813 700 plebanum
854 614 924 678 in
949 613 1241 679 Melsack
1288 623 1351 678 et
1392 613 1700 679 Iacobum
1741 615 2092 702 plebanum
2132 614 2202 712 igi
2248 613 2563 702 Wartyn-

179 711 329 796 berg
370 709 566 776 Gurie
616 723 835 777 nostre
880 714 1416 801 penitenciarium
1462 714 1547 778 ad
1587 713 2031 803 recipiendam
2078 712 2561 778 denuncciacio-

176 831 313 874 nem
368 835 563 900 super
612 814 982 879 excessibus
1025 834 1145 902 per
1191 814 1426 878 dictam
1472 813 1719 880 Sedem
1767 813 2137 900 Crutzburg
2181 813 2563 898 constitutis,

178 910 334 975 vnde
389 913 573 977 vobis
638 913 934 978 omnibus
998 923 1063 978 et
1104 915 1379 1000 singulis
1422 915 1830 997 intimamuS‚
1893 915 2070 999 quod
2118 914 2272 978 dicti
2319 913 2565 979 domini

177 1009 521 1076 visitatores
562 1011 1003 1102 infrascriptas
1045 1014 1367 1078 Ecclesias
1411 1015 1479 1080 in
1525 1015 1694 1078 dicta
1738 1013 1916 1080 Sede
1959 1013 2330 1102 Orutzburg
2375 1016 2565 1079 dante

178 1107 435 1174 domino·
480 1111 863 1197 visitabunt,
934 1113 1244 1178 videlicet
1303 1113 1409 1178 die
1451 1114 1930 1202 purificacionis
1973 1115 2174 1178 marie
2221 1115 2288 1178 in
2340 1113 2566 1180 Orutz-

178 1211 333 1296 burg·
369 1211 535 1276 feria
580 1214 867 1278 secunda
908 1215 975 1278 in
1006 1213 1336 1278 Tiffentail
1368 1213 1533 1278 feria
1569 1215 1766 1279 tercia
1793 1214 1862 1279 in
1889 1215 2096 1280 Persk
2138 1215 2301 1279 feria
2341 1225 2568 1300 quarta

177 1309 235 1373 in
270 1311 749 1400 Brandenburg
792 1314 956 1378 feria
995 1315 1221 1399 quinta
1264 1315 1331 1379 in
1359 1315 1698 1380 Habirstro
1742 1316 1903 1380 feria
1949 1326 2132 1380 sexta
2173 1316 2345 1404 apud
2388 1339 2565 1380 sanc—

177 1419 299 1475 tum
338 1410 740 1500 Gregorium
780 1415 935 1478 foris
980 1413 1324 1480 Civitatem
1368 1414 1821 1502 Sambiensem
1865 1414 2149 1482 Sabbato
2193 1417 2261 1480 in
2303 1415 2564 1481 Neuen-

181 1503 344 1575 d'orff
378 1513 486 1577 die
534 1513 854 1580 dominica
888 1515 1196 1580 videlicet
1230 1525 1453 1581 octava
1488 1516 1965 1603 purificacionis
1999 1517 2202 1580 marie
2229 1517 2296 1580 in
2324 1515 2564 1602 Steyn-

178 1615 329 1678 bach
365 1617 535 1682 feria
580 1616 864 1680 secunda
907 1617 975 1679 in
1001 1615 1405 1701 Levenhayn
1446 1617 1606 1681 feria
1651 1617 1848 1682 tercia
1889 1617 1956 1680 in
1992 1616 2373 1702 Ottenhayn
2406 1617 2568 1682 feria

182 1724 387 1798 quarta
448 1717 519 1780 in
564 1715 1021 1802 Starke'nberg
1075 1717 1239 1780 feria
1298 1717 1520 1802 quinta
1574 1717 1643 1781 in
1687 1717 2130 1804 Pregirswald
2172 1719 2336 1783 feria
2381 1727 2568 1783 sexta

178 1814 239 1877 in
274 1815 667 1904 Vochsberg
714 1814 995 1883 Sabbato
1061 1817 1130 1882 in
1176 1816 1726 1882 Burkardisdorff
1770 1818 1876 1882 die
1923 1817 2242 1883 dominica
2284 1819 2354 1883 in
2397 1817 2565 1885 Seli—

175 1917 412 2000 genfelt
464 1917 635 1981 feria
692 1918 975 1982 secunda
1030 1917 1099 1981 in
1138 1907 1752 2004 Lodewigeswalde
1805 1919 1965 1984 feria
2017 1918 2215 1984 tercia
2256 1919 2323 1983 in
2363 1918 2554 1983 Lich-

174 2015 449 2104 tenhayn
514 2018 678 2082 feria
738 2029 963 2102 quarta
1024 2019 1094 2083 in
1142 2018 1494 2082 Mansfeldt
1551 2029 1616 2082 et
1671 2019 1835 2084 feria
1883 2019 2103 2104 quinta
2145 2019 2212 2083 in
2255 2019 2556 2085 Thoraw‘.

173 2113 260 2181 Ita
317 2119 495 2202 quod
548 2118 672 2206 ipsi
730 2117 1091 2183 visitatores
1153 2141 1414 2208 semper
1469 2118 1736 2184 venient
1787 2119 1868 2184 ad
1915 2121 2130 2186 locum
2170 2121 2559 2186 visitandum

177 2216 249 2278 ad
308 2239 536 2282 cenam
596 2217 727 2282 diei
781 2218 1212 2306 precedentis.
1308 2218 1419 2286 Sic
1462 2219 1640 2304 quod
1684 2217 1970 2284 Sabbato
2015 2221 2126 2304 qui
2173 2221 2296 2284 erit
2337 2221 2562 2306 vigilia

173 2317 640 2402 purificacionis
684 2320 885 2383 marie
928 2319 1011 2384 ad
1060 2342 1282 2384 cenam
1330 2329 1520 2384 erunt
1557 2321 1628 2384 in
1673 2318 2042 2406 Crutzburg
2089 2329 2154 2384 et
2196 2320 2300 2384 die
2343 2321 2570 2407 purifi—⁴

176 2418 435 2482 cacionis
478 2419 683 2484 marie
725 2420 795 2483 in
836 2419 1166 2484 Tiffentail
1214 2429 1281 2484 et
1326 2421 1418 2484 sic
1471 2428 1944 2504 consequenter
1989 2418 2348 2512 secundum
2391 2419 2562 2484 ordi-

173 2538 329 2583 110111.
409 2518 669 2584 Idcirco
727 2529 952 2584 tenore
1006 2521 1418 2608 presencium
1462 2520 1729 2584 citamus
1771 2520 2109 2584 vniuersos
2157 2528 2220 2583 et
2271 2519 2563 2606 singulos

170 2615 477 2686 dictorum
511 2617 951 2684 Ecclesiarum
978 2619 1413 2684 Parochianos
1450 2619 1811 2708 pruthenos
1854 2619 2296 2685 theotrunicos
2346 2629 2410 2684 et
2446 2643 2562 2708 po·

170 2715 380 2801 101103,
445 2727 521 2782 vt
580 2716 820 2806 singuli
878 2719 949 2783 in
1012 2719 1118 2784 die
1172 2721 1294 2785 sibi
1352 2743 1549 2809 supra
1595 2719 1902 2807 deputata
1941 2720 2205 2784 veniant
2249 2743 2440 2784 mane
2482 2719 2565 2784 ad

170 2818 416 2882 missam
482 2828 549 2882 et
614 2841 983 2884 sermonem
1030 2819 1112 2884 ad
1158 2819 1552 2885 audiendum
1599 2819 1933 2885 Articulos
1983 2819 2412 2904 inquisitionis
2459 2841 2562 2884 su-

169 2939 276 3002 per
337 2919 717 2984 criminibus
784 2928 849 2983 et
906 2918 1265 2985 defectibus
1310 2919 1454 2985 Nec
1493 2943 1624 2984 non
1670 2919 2282 2984 denuncciacionem
2325 2920 2565 2984 faciant

170 3015 245 3080 de
299 3019 603 3106 personis
667 3019 1157 3104 quibuscunque
1218 3021 1288 3084 in
1353 3020 1716 3085 civitatibus
1775 3018 1912 3083 sive
1970 3019 2144 3084 villis
2207 3018 2565 3108 parrochiis

173 3113 624 3183 Consulatibus
664 3119 1303 3205 fraternitatibusque
1332 3119 1712 3202 constitutiS,
1756 3141 1954 3207 super
1981 3117 2355 3185 criminibus
2383 3139 2565 3204 mag·-

170 3215 257 3280 nis
296 3228 362 3282 et
398 3219 761 3282 manifestis
792 3218 1325 3305 qualitercunque
1367 3220 1676 3284 sciverint·
1713 3241 1834 3308 per
1881 3219 2278 3284 evidenciam
2323 3229 2433 3284 aut
2473 3219 2562 3284 fa-

169 3337 325 3382 mam
355 3319 687 3407 publicam
720 3320 1157 3385 visitatoribus
1195 3319 1505 3409 predictis
1552 3319 1638 3384 Et
1675 3329 1746 3383 vt
1787 3319 2094 3407 expedite
2123 3320 2566 3404 inquisicionis

169 3419 499 3503 negotium
552 3428 838 3484 transeat·
890 3430 1153 3485 servent
1193 3422 1469 3485 formam
1507 3442 1632 3506 que
1683 3420 1974 3505 sequitur
2017 3419 2326 3486 videlicet
2366 3421 2434 3484 in
2475 3420 2560 3484 ci-

169 3516 353 3582 vitate
412 3519 527 3582 vel
582 3518 777 3607 opido
826 3518 1217 3585 Consulatus
1275 3521 1623 3584 constituat
1681 3542 1766 3586 ex
1823 3541 1893 3584 se
1941 3520 2102 3584 duos
2149 3521 2453 3584 honestos
2501 3527 2568 3582 et

169 3615 289 3680 fide
332 3618 577 3704 dignos
622 3619 1153 3685 denuncciatores
1197 3621 1337 3693 siue
1366 3621 1658 3686 scabinos
1693 3619 2042 3706 synodales
2077 3619 2188 3703 qui
2217 3628 2564 3708 postquam

170 3719 489 3784 constituti
548 3720 788 3784 fuerint
830 3720 1364 3786 denuncciatores
1412 3743 1530 3785 seu
1573 3720 1815 3786 scabini
1861 3719 2272 3800 huiusmodi,
2345 3727 2560 3782 conte-

169 3827 329 3883 stent
368 3840 443 3884 se
486 3821 595 3884 vel
635 3843 837 3886 unum
876 3831 987 3885 aut
1029 3844 1253 3886 omnes
1299 3823 1381 3886 de
1426 3823 1796 3903 consulatu,
1843 3819 2016 3906 quod
2064 3821 2181 3884 sub
2223 3818 2354 3882 fide
2400 3818 2564 3882 chri-

170 3919 360 3986 stiana
416 3931 487 3986 et
539 3923 709 3987 bona
769 3922 1167 3987 consciencia
1228 3921 1441 3988 dicant
1503 3922 1748 4008 eisdem
1807 3920 2045 4008 singuli
2105 3940 2230 4005 que
2274 3918 2340 3982 in
2391 3915 2560 3984 Con-

170 4019 371 4086 sulatu
434 4021 507 4087 in
570 4022 1059 4104 communitate,
1129 4023 1385 4086 civitate
1440 4023 1551 4086 vel
1614 4020 1809 4110 opido
1865 4031 1930 4085 et
1972 4030 2106 4085 tota
2147 4017 2454 4108 parochia
2499 4029 2564 4082 et

168 4120 529 4208 ubicunque
585 4123 892 4187 sciverint
945 4145 1066 4210 per
1129 4122 1530 4188 evidenciam
1587 4123 1736 4188 facti
1797 4123 1907 4186 vel
1967 4121 2202 4185 famam
2241 4119 2564 4208 publicam

174 4218 658 4288 denuuccianda
714 4231 961 4288 tantum
1004 4222 1088 4287 de
1134 4223 1505 4289 criminibus
1548 4223 1904 4305 manifestis
1949 4239 2080 4286 non
2125 4243 2210 4285 ex
2253 4220 2402 4285 odio
2447 4222 2567 4287 sed

174 4322 431 4388 caritate
478 4324 562 4389 ad
597 4323 1129 4389 emendacionem
1171 4344 1559 4389 excessuum
1607 4332 1673 4388 et
1711 4310 2248 4389 reformacionem
2290 4345 2562 4388 morum.

176 4416 487 4489 Similiter
530 4423 821 4510 quelibet
853 4423 1219 4488 fraternitas
1265 4423 1427 4488 duos
1472 4424 1556 4490 de
1598 4447 1714 4488 sua
1755 4421 2153 4488 fraternitate
2185 4421 2563 4488 denunccia-

174 4527 339 4586 tores
381 4523 520 4588 sive
563 4524 858 4612 scabinos
902 4523 1247 4588 constituat
1282 4524 1403 4608 qui
1440 4522 1734 4590 similiter
1775 4523 2006 4588 fratres
2049 4539 2199 4589 suos
2245 4532 2560 4588 contesta-
