2959 4984
429 315 522 365 vt.
604 311 904 365 REGULA
941 307 1476 380 CHRODQGANGI
1508 307 1839 360 EPISGOPI
1874 305 2246 362 METENSIS.
2455 308 2526 363 35

163 499 329 566 supra
383 477 690 564 scriptam
746 498 1114 540 mensuram
1175 483 1310 538 tres
1356 471 1588 536 calices
1628 470 1972 558 accipiant,
2039 480 2105 536 et
2144 472 2271 536 hoc
2308 493 2531 562 supcr-

169 578 349 642 fluum
389 575 583 640 nobis
625 575 922 658 videtur3
969 575 1118 660 quia
1157 577 1377 637 vinum
1419 583 1798 656 apostatare
1830 567 2012 655 facit
2060 573 2255 636 etiam
2283 575 2538 658 sapien..

167 690 241 739 tes
261 701 284 756 ‚·
327 677 479 761 quia
521 677 632 740 ubi
685 676 961 740 ebrietas
1007 683 1124 755 cst,
1167 673 1257 738 ibi
1299 671 1622 757 flagitium
1668 678 1859 753 atque
1904 679 2241 757 peccatum
2285 681 2401 736 est.
2451 671 2539 738 Et

159 775 264 840 hoc
304 776 747 857 admonemus,
791 784 866 839 ut
907 775 1118 839 clerus
1159 782 1383 836 noster
1427 771 1705 836 sobriam
1752 769 2012 834 omnino
2060 771 2252 836 ducat
2290 773 2529 854 vitam3

161 884 216 938 ct
247 875 390 960 quia
434 874 832 962 persuadere
875 895 1008 938 non
1047 893 1390 960 possumus
1437 879 1511 934 ut
1552 870 1773 933 vinum
1811 889 1943 933 non
1978 869 2217 953 bibant,
2254 871 2365 935 vel
2406 872 2533 936 hoc

163 975 651 1056 consentiamus,
723 983 796 1038 ut
853 975 1079 1038 saltem
1129 973 1199 1037 in
1251 972 1380 1036 illis
1428 970 1705 1036 ebrietas
1747 991 1879 1035 non
1919 969 2323 1036 dominetur:
2389 973 2537 1057 quia

161 1095 362 1138 omnes
405 1075 694 1139 ebriosos
735 1074 1064 1161 apostolus
1105 1097 1142 1137 a
1180 1094 1387 1158 regno
1425 1070 1557 1136 Dei
1596 1080 1937 1135 extraneos
1982 1091 2126 1135 esse
2170 1071 2532 1155 denunciat,

159 1172 265 1237 nisi
303 1195 446 1260 per·
468 1171 755 1260 dignam,
775 1161 1242 1261 poenitentiam
1285 1169 1776 1236 emendaverint
1798 1170 1869 1255 ¹).

562 1339 720 1428 Cap.
765 1340 1019 1406 XXIV.
1106 1338 1208 1406 De
1247 1343 1729 1425 septimanariis
1776 1342 2109 1428 coquinae.

313 1469 548 1537 Clerici
609 1473 897 1536 canonici
954 1471 1046 1536 sic
1103 1459 1220 1536 sibi
1263 1471 1541 1534 invicem
1586 1471 1897 1553 serviant,
1955 1479 2029 1534 ut
2072 1469 2288 1534 nullus
2336 1491 2529 1536 excu-

163 1580 324 1634 setur
366 1595 404 1634 a
445 1571 756 1656 coquinae
795 1571 1044 1652 officin,
1111 1570 1236 1634 nisi
1276 1569 1617 1655 aegritudo
1642 1569 1695 1654 2)
1714 1619 1733 1652 ,
1799 1578 1909 1634 aut
1952 1569 2019 1634 in
2064 1570 2269 1634 causis
2316 1571 2533 1656 gravis

159 1671 426 1734 utilitatis
465 1680 972 1759 praeoccupatus
1017 1670 1240 1734 fuerit:
1299 1670 1456 1754 quia
1502 1670 1737 1734 exinde
1783 1670 1985 1735 maior
2025 1692 2275 1736 merces
2322 1681 2389 1736 et
2433 1696 2530 1738 ca·

159 1769 298 1834 ritas
335 1771 710 1855 adquiritur.
753 1769 1194 1835 Imbecillibus
1241 1779 1458 1835 autem
1502 1779 1929 1857 procurentur
1971 1771 2230 1854 solatia,
2288 1781 2362 1837 ut
2398 1796 2529 1839 non

166 1891 298 1934 cum
347 1871 603 1936 tristitia
641 1871 769 1934 hoc
807 1871 1071 1953 faciant,
1137 1870 1255 1936 sed
1311 1871 1593 1936 habeant
1632 1889 1855 1934 omnes
1914 1871 2139 1936 solatia
2178 1873 2534 1939 secundum

169 1969 413 2034 modum
451 1969 1002 2055 congregationis,
1048 1980 1158 2035 aut
1198 1969 1589 2058 positionem
1630 1969 1776 2035 loci.

313 2069 820 2134 Archidiaconus
863 2091 1042 2152 ver-0,
1093 2080 1158 2135 ct
1206 2069 1641 2152 Primicerius,
1682 2069 1791 2133 vel
1836 2069 2241 2153 cellerarius,
2286 2093 2403 2136 scu
2442 2071 2541 2137 illi

169 2175 288 2231 tres
341 2169 640 2234 custodes
685 2170 1137 2253 ecclesiarum,
1211 2193 1379 2234 unus
1425 2169 1509 2234 de
1550 2178 1767 2234 sancto
1810 2167 2145 2258 Stephano
2167 2219 2187 2252 ,
2250 2170 2411 2236 alius
2457 2170 2540 2236 de

171 2276 369 2331 sancto
409 2267 607 2333 Petro
624 2317 644 2351 ,
689 2269 914 2333 tertius
963 2269 1045 2334 de
1095 2279 1310 2335 sancta
1358 2268 1601 2351 Maria,
1660 2268 1771 2354 qui
1809 2268 1879 2334 in
1918 2268 2264 2335 maioribus
2302 2270 2538 2335 utilita-

164 2365 318 2431 tibus
361 2368 649 2455 occupati
693 2377 861 2450 sunt,
896 2368 1004 2432 isti
1047 2378 1438 2434 excusentur
1479 2393 1516 2433 a
1557 2367 1867 2453 coquina3
1915 2369 2115 2434 ceteri
2156 2379 2373 2434 autem
2416 2369 2537 2436 sibi

168 2467 274 2531 sub
311 2467 564 2533 caritate
609 2467 888 2534 invicem
935 2468 1236 2533 serviant.
1974 2552 1977 2555 Ι

321 2565 724 2652 Egressurus
795 2567 880 2630 de
942 2568 1298 2655 septimana
1361 2571 1623 2634 sabbato
1692 2567 2037 2633 munditias
2096 2568 2317 2650 faciat3
2386 2591 2540 2635 vasa

161 2663 478 2736 ministerii
535 2667 634 2730 sui
666 2715 686 2749 ,
753 2687 918 2752 quae
973 2667 1055 2732 ad
1097 2668 1593 2733 ministrandum
1650 2669 1899 2756 accepit
1958 2691 2111 2733 sana
2179 2674 2245 2730 et
2297 2667 2539 2732 munda

163 2763 475 2830 cellerario
521 2766 980 2851 reconsignet3
1043 2775 1108 2830 et
1167 2766 1218 2831 si
1264 2767 1509 2852 aliquid
1569 2789 1656 2833 ex
1714 2768 1843 2832 illis
1904 2767 2259 2832 minuatum
2316 2767 2533 2851 fuerit,

163 2861 238 2924 ad
279 2864 615 2951 capitulum
662 2863 768 2928 die
815 2865 1058 2930 sabbati
1099 2866 1356 2931 veniam
1381 2876 1578 2954 petat,
1623 2877 1689 2931 et
1720 2891 1892 2949 vasa,
1936 2867 2047 2931 vel
2078 2864 2255 2951 quod
2288 2864 2531 2930 minua-

169 2969 295 3025 tum
325 2973 442 3045 -est,
484 2964 553 3028 in
592 2965 738 3029 loco
777 2965 1101 3047 restituat,
1150 2975 1214 3028 et
1252 2966 1434 3030 iuxta
1477 2988 1669 3051 quam
1708 2967 2068 3055 episcopua,
2110 2964 2221 3028 vel
2264 2965 2375 3048 qui
2416 2967 2535 3031 sub

177 3059 306 3148 ipso
347 3072 458 3146 est,
494 3063 898 3147 iudicaverit,
944 3062 1408 3153 poenitentiam
1450 3075 1619 3152 agat.

428 3227 588 3316 Gap.
629 3228 847 3294 XXV.
935 3228 1038 3294 De
1081 3229 1590 3312 Archidiaoono,
1633 3232 1739 3296 vel
1776 3230 2169 3296 Primicerio
2196 3232 2270 3318 ⁵).

325 3359 602 3449 Oportet
659 3383 767 3426 eos
830 3384 971 3428 esse
1027 3353 1386 3448 prudentes
1447 3365 1619 3426 sicut
1673 3377 2031 3448 serpentes,
2102 3377 2161 3427 et
2207 3363 2535 3450 simphbes

175 3459 320 3522 sicut
361 3461 718 3525 columbas.-
770 3460 841 3525 id
883 3471 997 3545 cst,
1031 3472 1107 3526 ut
1149 3461 1275 3526 sint
1312 3461 1635 3550 sapientes
1677 3463 1746 3527 in
1786 3465 2062 3546 bonum,
2107 3473 2173 3528 et
2214 3463 2539 3550 simplices

175 3555 233 3620 in
269 3559 536 3644 malum3
608 3570 674 3625 et
716 3560 889 3627 docti
931 3563 1268 3647 evangelia
1283 3562 1336 3644 ⁴)
1401 3571 1466 3626 et
1525 3572 1889 3627 sanctorum
1928 3563 2195 3628 Patrum
2250 3563 2540 3628 instituta

175 3677 478 3744 canonum,
521 3670 594 3724 ut
630 3661 879 3748 possint
922 3661 1158 3726 docere
1203 3662 1445 3726 clerum
1485 3662 1555 3726 in
1593 3662 1748 3748 lege
1772 3662 2015 3744 divina,
2061 3670 2125 3726 et
2158 3661 2349 3726 huius
2392 3683 2537 3748 par-

176 3775 277 3822 vae
311 3759 740 3826 institutionis·
773 3761 873 3840 Et
912 3763 1006 3826 sic
1049 3784 1120 3826 se
1165 3762 1571 3828 conforment
1613 3763 1805 3845 clero,
1852 3771 1926 3826 ut
1960 3785 2091 3827 non
2118 3769 2365 3826 tantum
2391 3781 2536 3827 ver-

173 3856 256 3922 bis
274 3909 292 3941 ,
351 3861 720 3949 capacibus3
781 3861 898 3926 sed
942 3862 1133 3926 etiam
1173 3865 1474 3948 exemplo
1498 3911 1517 3946 ,
1564 3863 2059 3951 simplicioribus
2104 3862 2319 3927 divina
2358 3881 2542 3948 prae-

178 3969 341 4048 cepta
379 3960 856 4027 demonstrent:
907 3961 1015 4047 qui
1059 3962 1347 4055 apostoli·
1377 3962 1621 4030 debent
1657 3983 1917 4051 semper
1957 3984 2217 4028 servare
2249 3963 2547 4045 formam,

353 4204 403 4274 1)
440 4209 512 4260 al..
550 4203 810 4260 Habeant
845 4205 1096 4260 canonici
1127 4205 1321 4260 hortos
1361 4206 1592 4273 olerum,
1628 4203 1775 4259 unde
1808 4221 1932 4259 cum
1968 4203 2169 4260 ceteris
2204 4201 2549 4258 additamen-

179 4284 241 4338 tis
271 4289 486 4360 aliquod
517 4292 869 4362 pulmentum
903 4292 1156 4360 quotidie
1191 4293 1298 4346 sibi
1331 4292 1578 4347 vicissim
1611 4293 1950 4346 ministrent.
2170 4293 2227 4358 2)
2263 4293 2338 4344 al.
2374 4289 2553 4359 aegri·

179 4370 350 4428 tudine
381 4381 476 4430 aut
510 4393 679 4432 causa
709 4378 898 4446 gravis
912 4416 926 4444 ,
987 4383 1095 4434 etc.
1343 4383 1398 4448 3)
1435 4384 1513 4436 al.
1550 4378 1892 4448 Praeposito·
2137 4377 2191 4445 4)
2226 4376 2550 4445 evangelica

183 4467 466 4531 ΡηθῦθΡῒὸ.
