2959 4984
448 322 751 374 xxxvm.
822 321 1071 375 BULLA
1112 322 1254 373 PRO
1291 321 1540 374 REGNO
1579 316 1980 376 BORUSSIOO
2025 324 2090 375 A.
2126 322 2287 377 1821.
2467 325 2572 381 253

160 490 532 554 sessionem
572 489 911 574 regiminis
941 537 959 569 ,
1008 489 1597 571 administrationis,
1641 498 1707 553 et
1752 489 2125 555 omnimodo
2169 490 2328 555 luris
2370 492 2570 558 Dioe-

162 589 407 671 cesani,
442 597 508 653 et
552 587 881 655 Ordinarii
923 589 992 653 in
1034 588 1387 675 praedictis
1433 587 1837 673 Civitatibus,
1878 613 1952 654 ac
1995 611 2213 655 earum
2239 590 2568 677 Ecclesiis,

164 698 239 754 et
280 687 739 771 DioecesibuS,
786 710 907 753 nec
951 710 1083 753 non
1126 689 1313 754 bonis
1339 737 1359 771 ,
1418 688 1689 773 aliisque
1733 688 2094 755 redditibus
2152 690 2234 755 ad
2287 691 2572 780 ipsarum

162 789 589 871 dotationem,
632 797 705 853 ut
743 788 913 853 infra
950 788 1357 873 assignandis
1403 787 1636 873 vigore
1675 789 2007 853 literarum
2047 790 2574 878 Apostolicarum

164 888 539 955 Canonicae
602 889 1029 954 Institutionis
1087 888 1295 954 libere
1350 889 1849 977 apprehendere
1879 938 1899 971 ,
1965 890 2568 978 apprehensamque

158 990 501 1072 retinere3
560 998 1037 1077 proptereaque
1099 990 1311 1056 statim
1334 1037 1354 1071 ‚
1416 1013 1491 1053 ac
1538 989 1606 1053 in
1669 990 1828 1054 locis
1887 1012 2006 1077 per
2059 991 2226 1055 hanc
2263 990 2572 1057 Nostram

163 1090 661 1179 dispositionem
726 1090 1001 1175 singulis
1045 1090 1473 1156 Dioecesibus
1515 1112 1690 1155 nunc
1730 1090 2050 1157 attributis
2093 1090 2574 1179 possessionem

160 1190 583 1278 sumpserint,
623 1190 1009 1276 illarumque
1052 1189 1377 1277 Regimen
1439 1199 1585 1255 actu
1631 1191 1957 1256 consecuti
2018 1191 2296 1275 fuerint,
2361 1192 2569 1257 omnis

162 1289 585 1375 antiquorum
634 1293 751 1357 sub
794 1312 1204 1376 quocumque
1248 1289 1784 1372 Ordinatiorum,
1827 1312 1941 1355 seu
1985 1290 2414 1374 Vicariorum,
2463 1291 2574 1355 vel

164 1389 765 1455 administratorum
830 1391 1050 1457 Titulo
1112 1389 1468 1456 iurisdictio
1527 1412 1778 1455 cessare
1841 1390 2105 1457 debebit
2128 1440 2148 1473 ,
2223 1412 2574 1475 omnesque

74 1524 85 1533 -
158 1490 505 1555 facultates
547 1490 617 1555 in
657 1490 955 1558 Partibus
976 1542 996 1575 ,
1044 1501 1111 1557 et
1156 1490 1315 1557 locis
1360 1492 1439 1555 ab
1485 1510 1712 1555 eorum
1753 1490 2196 1557 iurisdictione
2237 1491 2574 1557 subtractis

159 1590 413 1656 nullius
463 1601 655 1656 erunt
695 1592 967 1681 amplius
1011 1593 1267 1681 roboris
1305 1593 1413 1657 vel
1456 1592 1788 1657 momenti.

338 1692 716 1778 (XXXVI.)
789 1693 929 1759 Nos
974 1694 1147 1759 enim
1192 1693 1275 1759 ad
1316 1692 1830 1782 respectivorum
1853 1692 2408 1759 Dioecesanorum
2448 1692 2573 1757 uti-

156 1792 329 1857 litati
376 1793 845 1857 consulendum
893 1793 1395 1882 praescribimus
1420 1843 1440 1876 ,
1499 1802 1564 1859 et
1615 1794 2012 1879 iniungimus
2041 1842 2062 1876 ,
2133 1802 2208 1858 ut
2249 1792 2462 1858 omnia
2509 1801 2575 1857 et

158 1890 427 1977 singula
469 1893 881 1960 Documenta
922 1894 1338 1983 respicientia
1374 1894 1737 1977 Ecclesiae,
1776 1894 2168 1977 DioeceseS,
2209 1894 2570 1977 ParoeciaS,

156 1999 226 2055 et
272 1992 419 2056 loca
454 2000 529 2057 ut
568 2017 763 2082 supra
801 1994 1291 2077 dismembrata,
1334 2018 1409 2059 ac
1460 1994 1544 2059 de
1589 2016 1760 2059 novo
1803 1994 2122 2082 applicata
2160 2019 2198 2058 a
2239 1993 2570 2058 veteribus

160 2090 587 2158 Cancellariis
649 2084 939 2176 extrahi,
1008 2104 1075 2160 et
1123 2093 1550 2161 Cancellariis
1614 2092 2034 2159 Dioecesium
2091 2092 2320 2178 quibus
2383 2101 2574 2158 erunt

26 2200 33 2220 ¹
154 2189 571 2280 incorporata
613 2204 976 2283 opportuna
1014 2196 1223 2260 forma
1259 2190 1448 2277 tradi,
1493 2201 1686 2279 atque
1734 2193 1803 2259 in
1831 2193 1912 2258 iis
1947 2201 2264 2281 perpetuo
2295 2193 2574 2258 debeant

152 2312 500 2358 asservan.

334 2390 749 2477 (XXXVII.)
832 2392 1148 2460 Vicissim
1192 2402 1409 2459 autem
1452 2392 1884 2459 Venerabiles
1937 2390 2198 2476 Fratres
2254 2389 2572 2472 moderni,

158 2514 237 2557 ac
284 2512 409 2579 pro
450 2500 745 2579 tempore
793 2490 1150 2557 existentes
1189 2493 1562 2579 Pragensis‚
1613 2501 1677 2559 et
1723 2490 2180 2561 Olomucensis
2226 2488 2571 2577 Archiepi-

156 2612 362 2679 scopo
408 2613 533 2669 nec
588 2614 722 2658 non
776 2592 1085 2681 Episcopi
1148 2592 1826 2680 Reginorhadecensis
1840 2641 1861 2675 ,
1939 2599 2005 2656 et
2043 2588 2571 2665 Litomericensis

160 2691 461 2757 eamdem
494 2740 514 2773 ,
580 2714 775 2778 quam
814 2716 987 2759 nunc
1054 2703 1400 2777 exercent,
1466 2691 1892 2782 Spiritualem
1933 2689 2458 2758 Iurisdictionem
2497 2688 2568 2752 in

160 2791 401 2877 Regno
441 2792 789 2858 Borussico
838 2794 1029 2859 etiam
1072 2795 1475 2882 inposterum
1519 2794 2010 2860 conservabunt.

198 2956 230 2983 ο
336 2890 789 2977 (XXXVIII.)
859 2892 1129 2959 Filiales
1169 2915 1347 2977 vero,
1393 2902 1460 2959 et
1499 2893 1911 2960 Parochiales
1953 2888 2279 2957 Ecclesias
2325 2910 2570 2953 earum-

160 3013 289 3076 que
330 2990 709 3057 Fractiones
765 2994 835 3057 in
894 2994 1014 3058 hac
1060 2994 1301 3061 Nostra
1356 2993 1806 3082 Dispositione
1863 3014 1996 3057 non
2047 2990 2565 3078 comprehensaS,

160 3101 227 3156 et
268 3098 460 3157 extra
514 3092 822 3178 Regnum
863 3094 1213 3165 Borussiae
1272 3094 1628 3161 existentes
1693 3118 1732 3159 a
1773 3091 2150 3159 Matricibus
2176 3140 2196 3173 ,
2267 3099 2332 3154 et
2369 3089 2566 3153 Paro-

158 3190 479 3255 chialibus
516 3191 586 3255 in
628 3192 863 3257 eodem
906 3193 1139 3279 Regno
1180 3193 1404 3282 positis
1450 3192 1914 3279 disiungimus,
1963 3200 2030 3255 et
2069 3212 2108 3255 a
2153 3188 2564 3278 proximiori-

161 3293 285 3356 bus
332 3289 675 3357 0rdinariis
718 3292 859 3358 aliis
895 3292 1269 3359 Matrieibus
1288 3343 1309 3378 ,
1358 3302 1425 3359 et
1463 3292 1948 3359 Parochialibus
1991 3289 2365 3373 Ditionum‚
2425 3289 2564 3376 qui·

158 3392 277 3457 bus
311 3390 385 3455 in
423 3392 887 3479 temporalibus
932 3394 1264 3459 subiacent
1284 3442 1305 3477 ,
1368 3391 1782 3484 applicandas
1825 3410 1968 3457 esse
2012 3391 2426 3473 mandamus,
2495 3412 2572 3453 ac

159 3489 447 3555 vicissim
491 3490 574 3555 de
614 3491 974 3575 Paroeciis,
1038 3502 1105 3558 et
1141 3492 1478 3559 Filialibus
1525 3492 1836 3558 Ecclesiis
1895 3512 2040 3557 cum
2107 3490 2239 3556 suis
2279 3488 2566 3555 Fractio-

157 3590 349 3658 nibus
396 3590 565 3656 intra
610 3592 1026 3659 Borussicum
1064 3594 1368 3680 Regnum
1410 3592 1634 3682 positis
1655 3642 1676 3676 ,
1745 3614 1909 3679 quae
1953 3616 1991 3656 a
2030 3587 2404 3656 Matricibus
2449 3609 2560 3653 ex-

154 3702 255 3757 tra
299 3692 482 3757 idem
519 3692 824 3779 Regnum
872 3693 1300 3761 existentibus
1341 3693 1651 3782 pendent,
1696 3692 1873 3758 idem
1914 3685 2388 3758 observandum
2422 3707 2566 3751 esse

158 3791 611 3875 decernimus3
659 3804 988 3861 reservata
1036 3795 1277 3877 Nobis,
1330 3803 1395 3859 et
1437 3794 1590 3860 huic
1636 3791 2058 3881 Apostolicae
2101 3779 2242 3855 sedi
2283 3809 2434 3853 cura
2475 3785 2556 3851 de
2602 3871 2608 3879 .

156 3891 501 3981 Spirituali
542 3893 863 3981 regimine
905 3895 1046 3961 aliis
1092 3895 1432 3978 Partibus,
1497 3903 1562 3959 et
1601 3894 1794 3959 Locis
1855 3893 1912 3958 si
1959 3912 2122 3980 opus
2159 3888 2358 3955 fuerit
2407 3908 2556 3975 pro·

158 3992 454 4059 videndi.

339 4092 721 4178 (XXXIX.)
767 4095 1088 4183 Inspectis
1134 4104 1349 4160 autem
1384 4095 1801 4162 Dioecesium
1831 4093 2158 4161 Borussici
2178 4084 2393 4179 Reg‘ni
2437 4096 2569 4157 am-

156 4192 489 4283 plitudine
508 4241 529 4276 ,
592 4217 667 4258 ac
710 4216 947 4281 magno
992 4195 1552 4261 Dioecesanorum
1589 4216 1862 4260 numero
1879 4243 1900 4278 ,
1959 4217 2102 4260 cum
2149 4196 2414 4262 difficile
2457 4194 2570 4259 ad-

158 4294 435 4360 modum
480 4302 653 4359 esset
689 4293 1241 4384 Archiepiscopis,
1282 4305 1349 4361 et
1387 4294 1731 4384 Episcopis
1776 4294 2294 4361 Confirmationis
2336 4293 2564 4361 Sacra-

156 4402 457 4460 mentum
502 4392 747 4460 Christi
800 4394 1103 4462 fidelibus
1162 4395 1614 4463 administrare
1671 4394 1922 4479 aliaque
1965 4393 2374 4460 pontificalia
2425 4416 2565 4459 mu·

156 4516 319 4561 nera
357 4494 501 4563 sine
542 4494 817 4559 ulterius
846 4494 1156 4584 Episcopi
1202 4518 1421 4583 opera,
1468 4502 1538 4560 et
1576 4494 1819 4561 auxilio
1851 4515 2194 4579 exercer03
2241 4493 2394 4560 hinc
2421 4492 2563 4559 Nos
