2959 4984
334 238 441 293 m
658 234 903 289 xxxlx.
979 234 1219 285 Bal-:vn
1256 232 1396 284 PRO
1434 232 1682 285 REGNO
1719 232 2126 286 Bossusslco
2167 237 2228 283 A.
2267 231 2424 287 1821.

338 405 551 489 tioniS,
590 400 1057 493 applicationis,
1100 396 1730 487 circumscriptionis,
1776 391 2229 481 concessionis,
2271 400 2534 484 indulti,
2583 404 2753 467 elar-

344 505 605 593 gitionis
623 553 643 586 ,
703 500 1189 587 assignationis»,
1236 498 1661 587 suppletionis
1681 548 1700 583 ,
1776 500 2193 566 subiectionis
2219 550 2239 583 ,
2293 501 2762 586 attributioniS,

345 604 583 686 statuti,
630 600 1079 667 declarationis
1100 648 1121 683 ,
1170 599 1677 683 commissionis,
1729 600 2196 688 deputationis,
2247 600 2572 685 Mandati,
2617 603 2760 668 De-

344 705 523 787 creti,
570 700 1035 788 derogationis,
1082 709 1149 765 et
1190 699 1538 765 voluntatis
1581 700 1962 788 infringere,
2007 701 2120 765 vel
2163 701 2224 766 ei
2263 724 2425 766 ausu
2473 711 2765 767 temera-

342 804 441 870 rio
486 802 823 869 contraire.
916 799 993 867 Si
1039 799 1183 885 quis
1228 808 1443 865 autem
1496 801 1624 866 hoc
1659 810 1974 867 attentare
2014 804 2534 891 praesumpserit
2575 804 2762 867 Indi-

345 904 720 993 gnationem
768 900 1251 989 Omnipotentis
1297 900 1447 982 Dei,
1493 923 1569 965 ac
1611 901 1967 967 Beatorum
2013 903 2194 967 Petri
2237 912 2302 967 et
2346 903 2538 967 Pauli
2567 904 2757 991 Apo-

312 1070 317 1077 ,
352 1005 666 1071 stolorum
702 1002 839 1067 eius
882 1022 953 1067 se
996 1000 1251 1066 noverit
1290 1000 1718 1065 incursurum.
1867 1066 1872 1072 ,

511 1104 755 1169 Datum
812 1102 1061 1168 Romae
1118 1099 1293 1188 apud
1355 1098 1658 1166 Sanctam
1703 1099 1971 1165 Mariam
2013 1100 2329 1165 Maiorem
2390 1102 2594 1168 Anno
2647 1104 2756 1167 In-

350 1202 734 1271 carnationis
763 1200 1147 1267 Dominicae
1175 1200 1526 1265 Millesimo
1562 1200 2122 1287 Octingentesimo
2152 1201 2497 1287 Vigesimo
2539 1204 2754 1290 primo

348 1306 625 1372 Decimo
676 1300 973 1391 Septimo
1018 1300 1351 1367 Kalendas
1399 1301 1709 1387 Augusti.
1813 1300 2234 1366 Pontificatus
2281 1301 2512 1367 Nostri
2553 1304 2754 1368 Anno

350 1404 695 1492 Vigesimo
740 1402 1047 1468 secundO.

350 1568 671 1637 XXXIX.
760 1568 1029 1633 Breve
1076 1565 1209 1631 Pii
1252 1564 1403 1631 VII.
1449 1565 1547 1630 ad
1587 1565 1976 1654 capitula
2017 1566 2271 1653 regni
2313 1567 2754 1633 Borussiei

839 1666 1273 1752 ⁷directum
1318 1664 1381 1729 d.
1426 1665 1524 1731 16.
1565 1665 1789 1732 Julii
1830 1666 2022 1730 anni
2067 1666 2250 1731 1821.

1229 1781 1439 1849 PIUS
1487 1781 1563 1848 P.
1607 1782 1681 1850 P.
1711 1782 1884 1848 ·V11.

519 1900 763 1967 Dilecti
806 1898 957 1964 Filii
1002 1899 1276 1964 salutem
1322 1907 1387 1963 et
1428 1898 1878 1987 Apostolicam
1921 1898 2478 1966 Benedictionem.
2554 1904 2756 1987 Quod

363 2002 447 2067 de
485 2000 813 2067 Fidelium
868 1999 1062 2064 isthic
1108 2000 1490 2085 degentium
1533 2000 1740 2065 salute
1783 2000 2206 2065 vehementer
2251 2001 2511 2065 solliciti
2555 2012 2761 2069 tanto-

357 2123 519 2192 pere
562 2100 1030 2189 exoptavimus,
1074 2092 1380 2185 omnique
1425 2099 1638 2165 studio
1685 2100 2082 2183 curavimus,
2127 2100 2197 2164 id
2225 2100 2513 2165 ‘demum
2555 2102 2761 2168 felici-

358 2210 460 2267 ter
504 2200 745 2267 factum
786 2201 1215 2287 gratulamur,
1273 2198 1371 2264 Eo
1415 2202 1584 2265 bene
1616 2201 1920 2285 juvante,
1987 2200 2096 2284 qui
2141 2200 2394 2265 Auctor
2438 2211 2540 2267 est
2585 2204 2764 2291 pacis

360 2313 427 2369 et
451 2303 647 2367 Pater
687 2302 885 2367 totius
926 2300 1402 2366 consolationis
1444 2300 1606 2365 Post
1647 2309 1742 2365 tot
1785 2300 1957 2365 enim
1994 2301 2364 2366 discrimina
2391 2310 2765 2390 temporum

360 2402 921 2470 acerbissimorum
962 2400 1385 2489 Episcopales
1430 2398 1642 2466 Sedes
1684 2401 1754 2465 in
1797 2423 2006 2487 regno
2052 2402 2214 2484 isto,
2285 2424 2452 2487 quae
2510 2412 2609 2467 tot
2651 2426 2765 2468 no-

361 2504 639 2569 minibus
706 2502 1359 2586 commendabuntur,
1427 2502 1786 2569 instaurare
1851 2528 1926 2569 ae
1983 2526 2103 2591 pro
2165 2502 2468 2568 dominici
2533 2504 2765 2589 gregis

366 2604 1001 2690 commoditateapte
1030 2602 1357 2689 potuimus
1391 2603 1692 2667 ordinare
1726 2625 1798 2669 re
1831 2604 2120 2691 apprime
2153 2626 2300 2667 cum
2327 2600 2765 2668 Serenissimo

362 2708 549 2791 Rege
590 2704 835 2787 Vestro
878 2701 1230 2784 conciliata,
1278 2702 1386 2787 qui
1426 2702 1641 2769 animo
1687 2726 1814 2788 quo
1861 2712 1959 2769 est
2000 2725 2239 2788 magno
2282 2711 2348 2767 et
2390 2702 2662 2767 excelso
2703 2703 2767 2767 in

366 2826 564 2871 censu
608 2801 983 2867 earumdem
1024 2802 1377 2867 liberaliter
1420 2802 1873 2887 adtribuendO,
1895 2801 2146 2867 studiis
2186 2802 2446 2867 Nostris
2493 2802 2764 2868 mirifice

366 2903 543 2969 favit.
632 2902 1022 2968 Universam
1082 2902 1345 2987 quidem
1406 2902 1724 2969 rationem
1785 2902 1884 2967 rei
1940 2905 2146 2990 probe
2209 2904 2622 2988 cognoscetis
2685 2926 2766 2967 ex

370 3002 769 3091 Apostolicis
814 3002 1047 3067 litteris
1071 3052 1090 3085 ,
1140 3025 1297 3087 quas
1340 3002 1424 3067 de
1470 3024 1547 3067 ea
1589 3006 1706 3069 sub
1753 3004 2020 3092 plumbo
2063 3004 2186 3067 hae
2226 3002 2367 3090 ipsa
2417 3002 2527 3067 die
2569 3025 2765 3091 expe-

372 3102 496 3167 diri
544 3101 1030 3184 mandavimus3
1074 3124 1195 3167 nec
1243 3102 1610 3167 dubitamus
1653 3103 1808 3189 quin
1855 3126 1988 3168 non
2035 3102 2434 3167 mediocrem
2481 3105 2766 3169 consola-

371 3203 615 3267 tionem
662 3202 797 3266 sitis
843 3201 1246 3291 percepturi,
1294 3202 1469 3287 quod
1517 3211 1581 3267 et
1621 3204 1846 3291 plures
1889 3203 2072 3269 istius
2113 3203 2307 3289 regni
2350 3203 2685 3269 Ecclesias
2731 3226 2766 3268 e

371 3302 707 3386 squalore,
746 3300 816 3365 in
858 3324 985 3386 quo
1023 3303 1391 3385 jacuerant,
1435 3312 1772 3367 revocatas
1787 3352 1808 3387 ‚
1855 3312 1922 3367 et
1961 3304 2216 3367 illustre
2259 3303 2340 3366 de
2384 3302 2768 3368 Antistitum

372 3400 688 3465 electione
731 3402 1148 3490 privilegium
1174 3402 1381 3467 Vobis
1424 3412 1718 3490 perstare
1761 3403 2324 3485 animadvertetis3
2372 3402 2554 3487 quod
2597 3413 2768 3468 certe

376 3524 522 3567 cum
558 3501 780 3589 primis
826 3512 891 3566 et
918 3503 1159 3566 Vestra
1200 3510 1263 3564 et
1308 3500 1697 3568 Germaniae
1739 3512 1890 3567 vota
1931 3502 2404 3590 impensissime
2451 3504 2765 3588 efflagita-

373 3605 547 3668 bant.
592 3603 736 3667 Hac
775 3611 992 3672 tamen
1035 3601 1369 3667 occasione
1415 3602 1746 3689 speciatim
1791 3603 1930 3667 Vos
1979 3602 2223 3688 alloqui
2269 3624 2389 3690 per
2433 3603 2768 3690 epistolam

374 3703 717 3784 voluimus,
760 3702 1003 3765 nedum
1031 3710 1104 3767 ut
1132 3701 1568 3787 gratulatione
1600 3702 1923 3767 communi
1949 3703 2100 3768 Deo
2129 3702 2613 3784 benedicamuS,
2655 3700 2766 3765 sed

310 3826 316 3833 ·
374 3813 445 3867 ut
486 3803 555 3867 in
597 3801 978 3887 gravissimo
1026 3801 1414 3865 electionum
1456 3802 1724 3887 negotio
1771 3803 2076 3868 Vestram
2119 3801 2550 3887 religionem,
2621 3824 2764 3888 pru-

378 3902 681 3984 dentiam,
724 3901 1164 3985 integritatem
1206 3901 1776 3966 vehementissime
1819 3902 2191 3967 excitemus
2251 3900 2404 3967 Sint
2439 3901 2650 3965 Vobis
2691 3902 2766 3965 ob

378 4001 633 4083 oculos,
702 3998 1004 4084 (dicimus
1066 4001 1261 4064 animi
1320 4023 1516 4065 sensu
1573 4024 1698 4086 quo
1757 4002 2038 4066 maxime
2081 4024 2426 4090 possumus
2469 4000 2764 4085 sollicito)

378 4101 505 4166 sint
544 4098 751 4165 Vobis
798 4102 878 4165 ob
936 4102 1157 4165 oeulos
1192 4101 1475 4187 jugiter,
1533 4123 1697 4185 quae
1739 4102 2120 4166 Tridentino.
2163 4100 2476 4190 Synodus
2539 4101 2766 4165 disser-

378 4200 625 4265 tissime
666 4200 1083 4289 praescripsit
1123 4201 1201 4265 iis
1244 4201 1559 4285 omnibus,
1603 4202 1711 4287 qui
1752 4202 1840 4265 ad
1880 4202 2354 4289 promotionem
2393 4198 2764 4288 praeficien-

383 4300 612 4365 dorum
672 4321 1071 4385 quacumque
1122 4300 1369 4365 ratione
1429 4323 1694 4389 operam
1756 4324 1936 4367 suam
1980 4308 2328 4389 praestant.
2420 4298 2625 4384 (Sess.
2667 4299 2766 4363 24.

386 4396 545 4482 Gap.
594 4399 652 4459 l.
714 4398 795 4462 de
834 4400 979 4463 Ref.
1022 4408 1089 4464 et
1128 4396 1308 4465 SesS.
1354 4402 1415 4465 6.
1466 4424 1604 4487 cap.
1653 4402 1710 4465 1.
1754 4401 1837 4467 de
1881 4400 2054 4487 Ref.)
2141 4401 2250 4467 De
2315 4399 2766 4488 omnipotentis
