2959 4984
379 310 486 365 116
659 374 664 377 ⁴
857 310 973 361 XX.
1049 309 1247 364 ORDO
1288 306 1807 371 INQUISITIONIS
1845 308 1920 359 IN
1959 303 2270 361 SYNODO.

371 481 633 545 buntur.
723 474 1042 543 Similiter
1106 475 1364 561 singule
1408 475 1567 541 ville
1615 474 2003 539 constituant
2050 473 2215 539 duos
2255 472 2629 539 huiusmodi
2668 473 2788 539 de-

369 577 816 645 nuncciatores
855 576 989 642 sive
1019 576 1336 659 scabinos,
1382 576 1491 661 qui
1543 576 1635 639 sic
1682 574 2006 641 constituti
2056 576 2521 643 ammonebunt
2553 596 2787 641 omnes

373 679 648 743 villanos
712 662 1026 763 quatenus
1080 678 1198 741 sub
1243 676 1376 741 fide
1423 675 1771 741 christiana
1814 684 1882 740 et
1924 672 2314 741 conscientia
2354 676 2523 741 bona
2566 674 2791 741 dicant

386 780 478 845 eis
533 800 659 864 que
721 777 1024 843 sciverint
1076 776 1144 843 in
1199 778 1341 865 ipsa
1395 775 1549 841 villa
1607 776 1715 840 vel
1760 776 1955 841 etiam
1995 776 2065 841 in
2111 774 2387 842 Civitate
2430 776 2537 840 vel
2582 774 2789 863 opido

380 878 490 943 vel
535 878 677 943 aliis
715 878 878 944 locis
927 899 1040 943 sue
1085 876 1388 965 parochie
1435 877 1518 959 de
1564 876 1935 943 criminibus
1981 884 2228 943 tantum
2274 874 2624 941 manifestis
2667 874 2789 941 (16-

373 979 784 1045 nuncciando
805 1028 824 1062 ,
885 1000 1019 1043 non
1065 998 1150 1042 ex
1195 976 1344 1043 odio
1390 977 1509 1043 sed
1552 975 1814 1041 caritate
1855 976 1939 1041 ad
1984 976 2515 1051 emendacionem
2552 997 2787 1041 exces-

373 1102 564 1147 suum
622 1089 713 1144 et·
749 1079 1288 1145 reformacionem
1343 1100 1619 1143 morum.
1707 1077 1995 1143 Demum
2042 1074 2197 1141 dicti
2241 1075 2785 1143 denuncciatores

379 1202 494 1247 seu
560 1180 802 1245 scabini
865 1178 1214 1265 synodales
1255 1177 1573 1266 recipiant
1619 1176 2197 1243 denuncciaciones
2254 1200 2293 1243 a
2346 1176 2652 1265 predictis
2718 1185 2791 1240 et

371 1281 684 1347 memorie
729 1280 1015 1345 studiose
1051 1279 1509 1347 commendent
1547 1280 1617 1343 in
1646 1278 2177 1367 preparacionem
2208 1276 2670 1363 inquisit-ionis,
2712 1286 2790 1340 vt

342 1381 800 1446 -visitatoribus
865 1404 1010 1447 cum
1056 1379 1416 1445 Ecclesiam
1463 1402 1645 1445 suam
1668 1377 2035 1464 ‚visitabunt
2075 1378 2344 1443 fidelem
2385 1376 2619 1443 faciant
2662 1376 2783 1444 de-

379 1479 869 1545 nunciacionem
929 1487 994 1544 et
1034 1480 1373 1545 veritatem
1427 1478 1921 1566 respondebunt
1974 1478 2057 1543 ad
2102 1478 2537 1565 interrogata,
2594 1476 2787 1543 iuxta

370 1579 861 1665 inquisicionem
918 1601 1043 1665 que
1105 1580 1414 1665 sequitur.
1506 1578 1997 1645 Denuncciandi
2062 1588 2213 1643 sunt
2262 1579 2333 1643 hi
2392 1578 2501 1663 qui
2556 1576 2789 1643 dicunt

373 1689 596 1744 contra
638 1679 841 1744 fidem
883 1688 948 1743 et
986 1703 1234 1745 sacram
1271 1678 1651 1745 Ecclesiam.
1736 1678 1903 1743 Item
1946 1678 2056 1763 qui
2100 1678 2321 1744 dicunt
2362 1687 2584 1750 contra
2622 1700 2781 1745 con-

373 1780 745 1845 stituciones
783 1779 1224 1867 apostolorum
1271 1789 1335 1844 et
1370 1802 1597 1846 eorum
1644 1800 2090 1845 successorum
2134 1788 2497 1844 sanctorum
2522 1786 2787 1866 pam

377 1888 598 1945 contra
637 1878 998 1945 Decretum
1041 1889 1107 1943 et
1134 1879 1458 1967 Epistolas
1503 1879 1865 1971 decretales
1906 1889 1981 1943 ut
2018 1878 2255 1963 dicere,
2295 1901 2429 1945 non
2472 1887 2571 1943 est
2610 1878 2776 1945 ieiu-

373 1979 660 2045 nandum
701 1979 809 2043 vel
857 1979 1320 2045 celebrandum
1359 1979 1468 2045 vel
1506 1980 1946 2045 confitendum
1988 1980 2098 2045 vel
2128 2001 2261 2045 non
2294 1978 2781 2047 observandum

375 2078 551 2164 quod
607 2079 872 2143 mandat
911 2078 1221 2145 Ecclesia.
1307 2080 1475 2145 Item
1531 2081 1903 2146 invocantes
1948 2090 2013 2145 et
2055 2079 2424 2145 adiurantes
2467 2076 2821 2145 demones'

375 2179 459 2243 ad
499 2170 964 2245 inveniendum
1007 2179 1117 2243 vel
1159 2180 1244 2244 ad
1293 2181 1751 2270 vestigandum
1793 2179 2027 2264 aliqua,
2073 2190 2145 2245 vt
2189 2179 2505 2267 sortilegi,
2549 2180 2774 2245 incan-

369 2289 628 2364 tatoreS,
675 2282 1129 2347 carminatores
1174 2290 1239 2345 et
1282 2280 1580 2346 malefici.
1624 2282 1794 2346 Item
1835 2281 1944 2365 qui
1984 2279 2397 2357 sacramentis
2436 2280 2545 2346 vel
2570 2280 2777 2345 rebus

366 2404 484 2467 pro
530 2375 743 2447 officio
790 2380 1062 2447 ecclesie
1105 2382 1493 2447 consecratis
1536 2384 1883 2447 abutuntur
1926 2380 2011 2446 ad
2050 2380 2210 2447 alios
2253 2402 2403 2445 vsus
2450 2402 2646 2465 quam
2690 2380 2775 2445 ad

370 2502 532 2565 quos
589 2488 738 2546 sunt
785 2482 1077 2547 instituta
1117 2505 1154 2545 a
1199 2481 1324 2546 deo
1371 2481 1478 2545 vel
1526 2481 1817 2547 ecclesia.
1906 2480 2075 2547 Item
2118 2502 2395 2565 quorum
2436 2478 2633 2568 pueri
2671 2480 2781 2545 vel

370 2580 612 2647 infirmi
657 2581 896 2646 mortui
938 2590 1089 2645 sunt
1130 2582 1269 2645 sine
1313 2581 1729 2646 sacramentis
1773 2603 1859 2647 ex
1902 2604 2015 2645 sua
2048 2581 2255 2669 culpa.
2305 2579 2474 2645 Item
2508 2579 2620 2665 qui
2648 2601 2783 2645 non

377 2679 852 2747 communicant
892 2680 1166 2767 singulis
1203 2682 1407 2747 annis·
1451 2682 1621 2745 Item
1668 2682 1776 2767 qui
1820 2703 1955 2747 non
1985 2680 2316 2748 celebrant
2342 2679 2481 2745 dies
2510 2679 2779 2745 festivos

374 2780 492 2845 sed
525 2781 825 2844 laborant
867 2781 1004 2844 sine
1044 2804 1282 2867 magna
1327 2805 1517 2846 causa
1560 2790 1625 2845 et
1666 2782 2047 2849 necessaria.
2084 2780 2255 2845 Item
2295 2780 2404 2865 qui
2446 2801 2580 2845 non
2618 2780 2778 2845 ieiu-

366 2890 522 2945 nant
573 2889 808 2944 statuta
861 2879 1120 2949 ieiunia.
1228 2882 1398 2947 Item
1453 2882 1563 2967 qui
1609 2882 1838 2948 diebus
1884 2881 2135 2947 festivis
2178 2903 2310 2947 non
2348 2878 2618 2945 visitant
2655 2879 2777 2945 Ec-

373 2980 638 3046 clesiam
697 3002 819 3045 nec
867 2981 1149 3046 audiunt
1203 3004 1571 3047 sermonem
1629 3004 1752 3045 ncc
1807 2980 2093 3046 officium
2138 2982 2354 3047 misse.
2455 2980 2625 3049 Item
2670 2981 2783 3067 qui

303 3090 306 3093 ’
366 3090 516 3146 sunt
555 3081 624 3146 in
663 3080 915 3167 magnis
952 3082 1231 3169 peccatis
1270 3104 1392 3146 nec
1428 3091 1855 3170 susceperunt
1894 3081 2345 3171 penitenciam,
2388 3090 2501 3145 aut
2542 3080 2595 3145 si
2638 3104 2776 3145 sus-

377 3189 689 3268 ceperunt
747 3182 1180 3269 penitenciam
1237 3205 1370 3247 non
1411 3190 1643 3247 tamen·
1672 3183 1901 3249 volunt
1941 3182 2237 3269 penitere
2256 3230 2277 3264 ,
2342 3191 2413 3244 vt
2454 3180 2780 3247 manifesti

379 3289 444 3343 et
483 3280 720 3345 notorii
761 3290 1136 3369 peccatores
1178 3282 1486 3347 videlicet
1524 3282 1887 3369 blasphemi
1932 3282 2037 3346 dei
2084 3291 2149 3346 et
2194 3278 2597 3363 sanctorum,
2663 3302 2780 3345 ex-

377 3381 854 3464 communicati,
899 3382 1260 3465 interdicti,
1319 3382 1680 3465 homicide,
1724 3381 2125 3465 incendiarii,
2170 3381 2435 3471 periuri,
2481 3380 2782 3462 vsurarii,

369 3479 568 3562 fures,
611 3502 860 3545 merces
907 3504 1074 3564 suaS,
1121 3481 1339 3546 vlnam
1382 3492 1493 3546 aut
1534 3504 1905 3561 mensuram
1942 3507 2122 3549 suam
2166 3484 2277 3550 vel
2324 3482 2619 3570 pondera
2662 3482 2782 3547 fal-

369 3578 712 3663 sificanteS,
751 3580 1047 3664 adulteri,
1095 3591 1490 3671 stupratores
1534 3592 1600 3646 et
1641 3584 1963 3648 manifesti
1990 3584 2413 3649 fornicatores
2458 3603 2575 3647 seu
2628 3602 2780 3647 con-

377 3679 637 3743 cubinas
679 3680 1012 3764 habenteS,
1057 3703 1476 3769 percussores
1518 3692 1878 3770 parentum.
1968 3681 2139 3747 Item
2181 3682 2292 3768 qui
2338 3680 2784 3747 contraxerint

366 3778 852 3869 matrimonium
910 3804 1042 3847 non
1107 3782 1438 3848 certificati
1506 3782 1589 3847 de
1649 3791 1857 3847 morte
1902 3783 2135 3871 prioris
2186 3782 2479 3869 coniugis
2522 3790 2589 3846 ct
2636 3804 2770 3845 ma-

321 3933 325 3938 .
367 3878 542 3943 xime
585 3878 698 3945 ubi
739 3870 950 3944 adhuc
995 3883 1230 3949 coniux
1277 3884 1565 3949 creditur
1610 3893 1938 3972 superstes
1984 3884 2120 3948 sive
2160 3883 2407 3947 vivens,
2453 3881 2625 3946 Item
2666 3882 2780 3966 qui

378 3980 910 4068 compaternitate
973 3993 1082 4047 aut
1124 3984 1443 4050 filiacione
1505 3985 1639 4049 sive
1700 3985 2096 4069 cog-nacione
2158 3982 2471 4071 spirituali
2534 4002 2621 4047 ex
2670 3980 2781 4046 ba-

372 4080 610 4167 ptismo
669 4082 778 4145 vel
819 4082 1312 4149 confirmacione
1367 4092 1691 4171 contracta
1734 4084 1817 4148 de
1858 4084 2027 4148 facto
2071 4084 2139 4148 in
2180 4074 2584 4147 matrimonio
2628 4102 2778 4145 con-

373 4180 578 4244 stituti
597 4228 617 4263 ,
683 4180 854 4247 Item
898 4182 1009 4268 qui
1051 4183 1605 4268 consangvinitate
1653 4182 1861 4271 primo
1901 4182 2030 4250 2do
2094 4183 2225 4249 31:10
2264 4183 2374 4247 vel
2414 4183 2523 4246 4to
2562 4179 2777 4267 gradu

371 4279 692 4343 coniuncti
736 4281 978 4347 fuerint
1022 4284 1104 4349 de
1151 4284 1319 4348 facto
1361 4283 1428 4347 in
1473 4284 1879 4371 matrimonio
1924 4283 2267 4349 constituti.
2313 4283 2484 4349 Item
2524 4282 2579 4347 si
2624 4281 2772 4367 quis

373 4376 676 4451 defuncta
714 4402 922 4445 uxore
963 4383 1069 4447 vel
1114 4383 1316 4447 eciam
1360 4404 1597 4469 sponsa
1629 4384 2011 4449 constitutus
2057 4394 2156 4449 est
2200 4384 2282 4449 de
2326 4383 2494 4449 facto
2534 4382 2604 4448 in
2641 4404 2777 4447 ma-

370 4475 672 4541 trimonio
742 4502 888 4545 cum
941 4504 1019 4547 ea
1071 4504 1194 4566 que
1251 4482 1372 4549 fuit
1425 4482 1901 4569 consangvinea
1942 4482 2243 4549 defuncte
2283 4482 2394 4549 vel
2434 4482 2503 4549 in
2546 4482 2771 4567 aliquo
