2959 4984
414 299 523 354 512
844 297 1083 350 Lxxxl.
1156 297 1636 351 Psouura‘rm
1673 297 1814 352 PRO
1847 297 2038 352 PORO
2073 299 2430 350 EXTERNO.

396 465 685 554 phetism
732 463 817 528 de
844 459 1291 542 Emmanuele,
1334 468 1401 524 et
1442 459 1648 524 libros
1691 460 1778 527 de
1806 459 2192 546 Astrologia
2215 459 2265 528 J
2267 459 2574 526 udiciaria
2609 462 2781 548 prin·

400 565 720 651 cipaliter,
762 572 873 629 aut
912 561 1299 642 incidenter,
1336 559 1447 624 vel
1487 560 1646 626 alias
1687 562 1918 648 quovis
1963 560 2160 626 modo
2209 561 2294 626 de
2321 583 2399 626 ea
2427 571 2784 644 tractantes,

394 665 489 730 ita
530 675 765 746 tamen,
804 673 879 728 ut
920 663 1071 728 libri
1118 683 1207 726 ex
1246 659 1377 724 illis
1421 659 1792 726 Provinciis
1835 683 1968 726 non
2017 662 2392 727 efferantur.

566 765 627 830 3.
710 761 1157 850 Dispensandi
1202 762 1273 825 in
1312 759 1373 824 3.
1412 770 1478 826 et
1501 761 1564 824 4.
1599 761 1901 847 simplici,
1944 771 2010 826 et
2035 761 2244 826 mixto
2275 771 2528 828 tantum
2555 763 2786 828 nedum

394 886 543 932 cum
586 862 1015 950 pauperibus,
1062 861 1179 926 sed
1224 859 1419 925 etism
1462 881 1612 926 cum
1655 860 1986 926 nobilibus
2006 911 2025 943 ,
2073 871 2137 926 et
2182 859 2494 927 divitibus
2535 863 2604 927 in
2641 883 2784 927 con·
2942 872 2945 957 *¹

394 963 771 1044 mhendis3
838 963 907 1028 in
955 961 1305 1028 contractis
1348 981 1508 1025 vero
1558 981 1706 1026 cum
1747 959 2117 1027 Haereticis
2161 963 2498 1027 conversis
2519 1014 2539 1047 ,
2603 963 2786 1028 etiam

400 1069 471 1134 in
510 1065 571 1130 2.
614 1063 917 1150 simplici,
958 1072 1023 1126 et
1066 1060 1293 1142 mixto,
1334 1059 1688 1125 dummodo
1731 1061 1910 1126 nullo
1951 1061 2146 1126 modo
2191 1062 2466 1148 attingat
2523 1063 2788 1149 primum

400 1164 697 1252 gradum,
734 1171 801 1226 et
828 1161 897 1226 in
921 1161 1023 1225 his
1048 1160 1305 1226 casibus
1332 1159 1586 1246 prolem
1613 1170 1981 1244 susceptam
2013 1159 2387 1226 declarandi
2413 1160 2784 1248 legitimam.

560 1265 622 1328 4.
704 1261 1145 1348 Dispensandi
1192 1281 1391 1346 super
1431 1260 1904 1347 impedimento
1951 1261 2254 1346 publicae
2297 1262 2657 1328 honestatis
2690 1263 2791 1347 ju-

396 1365 609 1430 stitiae
652 1359 893 1450 [justis]
936 1381 1023 1426 ex
1062 1359 1467 1447 sponsalibus
1512 1360 1960 1444 proveniente.

556 1463 619 1529 5.
706 1460 1149 1547 Dispensandi
1190 1479 1391 1547 super
1428 1459 1902 1546 impedimento
1941 1461 2254 1546 criminis,
2297 1472 2534 1528 neutro
2586 1471 2792 1526 tamen

396 1563 751 1648 conjug-um
772 1559 1203 1643 machinante,
1222 1581 1299 1624 ac
1320 1559 1708 1624 restituendi
1728 1561 1834 1646 jus
1863 1561 2134 1646 petendi
2159 1561 2456 1626 debitum
2479 1561 2792 1626 amissum.

562 1663 622 1728 6.
708 1659 1149 1746 Dispensandi
1174 1659 1243 1722 in
1272 1657 1740 1746 impedimento
1771 1661 2178 1747 cognationis
2216 1661 2592 1752 spiritualia,
2619 1691 2792 1757 prae-

402 1773 705 1849 terquam
744 1763 916 1827 inter
960 1760 1290 1826 levantem
1330 1769 1397 1823 et
1438 1759 1738 1824 levatam.

566 1865 625 1928 7.
708 1862 851 1928 Hae
892 1881 1050 1928 vero
1086 1860 1594 1926 matrimoniales
1639 1860 2175 1946 dispensationes,
2219 1864 2536 1932 videlicet
2576 1869 2632 1933 3.
2649 1871 2706 1932 4.
2731 1869 2789 1935 5.

404 1973 471 2030 et
512 1965 573 2032 6.
636 1987 765 2030 non
831 1963 1307 2043 concedantur,
1374 1961 1499 2026 nisi
1567 1981 1716 2026 cum
1771 1961 2060 2027 clausula
2123 1963 2522 2045 „dummodo
2567 1964 2796 2032 mulier

401 2073 586 2151 rapta
646 2086 777 2130 non
832 2065 1068 2147 fuerit,
1136 2073 1200 2128 et
1244 2061 1299 2127 si
1340 2071 1530 2150 rapta
1569 2062 1767 2127 fuerit
1789 2113 1809 2146 ,
1874 2063 1943 2126 in
1986 2072 2304 2150 potestate
2348 2069 2627 2155 raptoris
2667 2091 2798 2132 non

398 2163 837 2252 reperiatur:“
894 2173 959 2228 et
1012 2164 1082 2228 in
1124 2160 1716 2250 dispensationibus
1769 2162 2142 2245 hujusmodi
2191 2163 2598 2250 declaretur,
2651 2167 2797 2233 illas

402 2283 713 2352 expresse
774 2263 1049 2329 concedi
1106 2271 1409 2350 tanquam
1476 2285 1516 2326 a
1567 2258 1762 2327 Sedis
1829 2262 2252 2348 Apostolicse
2293 2265 2656 2353 Delegato,
2712 2267 2797 2330 ad

400 2387 595 2452 quem
664 2363 973 2428 effectum
1046 2363 1239 2428 etiam
1302 2373 1496 2427 tenor
1564 2361 1936 2448 hujusmodi
1997 2361 2390 2429 facultatum
2458 2368 2796 2450 inseratur,

399 2485 549 2530 cum
592 2463 1013 2550 expressione
1052 2461 1390 2550 temporis,
1432 2460 1516 2526 ad
1564 2461 1738 2546 quod
1767 2460 2011 2525 fuerint
2041 2485 2429 2548 concessae3
2475 2465 2632 2532 alias
2661 2467 2797 2530 nul-

396 2563 499 2628 lae
541 2564 687 2629 sint.

566 2664 625 2730 8.
710 2663 1153 2752 Dispensandi
1212 2673 1279 2728 et
1338 2661 1781 2728 commutandi
1838 2669 1994 2726 vota
2050 2662 2374 2750 simplicia
2418 2667 2490 2730 in
2531 2667 2657 2732 alia
2697 2667 2800 2755 pia

402 2783 621 2850 opera,
663 2765 957 2850 exeeptis
996 2766 1167 2830 votis
1214 2762 1532 2830 eastitatis
1575 2771 1640 2826 et
1682 2760 2069 2844 Religionis.

568 2864 627 2928 9.
713 2864 1155 2951 Dispensandi
1198 2864 1269 2928 in
1308 2861 1900 2948 irregularitatibus
1957 2881 2042 2926 ex
2081 2861 2325 2929 delicto
2369 2867 2628 2932 occulto
2667 2877 2798 2932 tan-

398 2971 541 3026 tum
580 2963 1112 3050 provenientibus
1133 3010 1156 3046 ,
1200 2971 1481 3048 excepta
1531 2981 1608 3024 ea
1630 3007 1650 3043 ,
1697 2981 1865 3047 quae
1909 2981 1993 3024 ex
2035 2961 2392 3027 homicidio
2438 2965 2795 3032 voluntario

402 3061 823 3128 contrahitur.

570 3169 669 3233 10.
713 3167 1123 3234 Absolvendi
1159 3167 1239 3232 ab
1262 3166 1559 3231 omnibus
1579 3166 1837 3231 casibus
1869 3167 2246 3252 reservatis,
2285 3170 2484 3234 etiam
2531 3173 2602 3236 in
2619 3172 2796 3238 Bulla

406 3266 667 3332 Coenae
707 3267 997 3348 Domini,
1036 3267 1107 3331 in
1142 3267 1307 3332 locis
1350 3275 1587 3348 tamen,
1629 3266 1740 3332 ubi
1771 3267 2034 3352 impune
2057 3279 2444 3352 grassantur
2479 3269 2794 3338 haereses.

570 3369 665 3432 11.
748 3367 1124 3453 Delegandi
1184 3366 1588 3453 simplicibus
1647 3366 2092 3430 sacerdotibus
2161 3378 2564 3455 potestatem
2611 3371 2792 3436 bene-
2943 3353 2946 3360 ¹

398 3466 663 3536 dicendi
705 3477 1078 3556 paramenta
1118 3477 1189 3532 et
1228 3467 1355 3531 alia
1394 3465 1702 3531 utensilia
1744 3465 1828 3530 ad
1855 3464 2271 3532 Sacrificium
2299 3467 2547 3534 Missae
2585 3491 2794 3536 neces·

402 3567 587 3652 saria,
631 3567 745 3632 ubi
784 3588 917 3632 non
952 3567 1303 3632 intervenit
1344 3589 1528 3632 sacra
1569 3565 1832 3648 uncti03
1887 3577 1955 3630 et
1992 3567 2464 3633 reconciliandi
2497 3571 2795 3636 ecclesias

400 3668 679 3754 pollutas
740 3689 909 3755 aqna
974 3669 1057 3733 ab
1106 3666 1433 3756 Episcopo
1497 3667 1880 3750 benedicta,-
1941 3677 2011 3731 et
2075 3668 2144 3732 in
2197 3691 2354 3736 casu
2394 3671 2789 3736 necessitatis

405 3767 601 3834 etiam
640 3791 807 3856 aqua
840 3769 921 3834 ab
960 3766 1285 3855 Episcopo
1332 3789 1465 3832 non
1509 3766 1876 3832 benedicta.
2942 3791 2943 3806 *

570 3868 667 3936 12.
758 3865 1160 3932 Confer-endi
1194 3865 1484 3932 Ordines
1523 3877 1714 3932 extra
1747 3872 2066 3954 tempora,
2113 3875 2177 3929 et
2220 3886 2352 3930 non
2397 3871 2675 3935 servatis
2709 3871 2792 3934 in·
2939 3811 2944 4014 ί

406 3968 699 4035 terstitiis
741 3989 949 4055 usque
994 3967 1079 4032 ad
1122 3964 1583 4034 Sacerdotium
1623 3967 1963 4032 inclusive.
2061 3981 2068 3988 ·
2939 4027 2941 4030 ⁴

574 4067 671 4134 13.
757 4067 1197 4154 Dispensandi
1262 4089 1458 4155 super
1512 4067 1773 4132 defectu
1819 4067 2046 4132 aetatis
2089 4067 2282 4133 unius
2328 4069 2484 4132 anni
2530 4069 2614 4133 ob
2649 4089 2790 4156 ope-

402 4168 723 4234 rariorum
780 4169 1123 4256 penuriam
1142 4220 1163 4253 ,
1224 4177 1297 4232 ut
1354 4170 1726 4256 promoveri
1769 4168 2023 4257 possint
2065 4167 2150 4232 ad
2187 4165 2687 4264 Sacerdotium,
2743 4165 2790 4230 si

404 4265 565 4332 alias
604 4266 825 4333 idonei
866 4268 1129 4334 fuerint.

572 4367 671 4431 14.
758 4365 1171 4433 Conficiendi
1191 4366 1363 4435 Olea
1400 4377 1546 4432 cum
1581 4367 1866 4454 quinque
1903 4365 2136 4430 saltem
2155 4361 2649 4450 Sacerdotibus,
2673 4388 2790 4432 non

405 4470 624 4528 tamen
664 4473 847 4530 extra
894 4465 1069 4532 diem
1110 4467 1373 4534 Coenae
1416 4465 1718 4548 Domini,
1761 4466 1886 4530 nisi
1927 4464 2282 4530 necessitas
2321 4463 2504 4530 aliud
2547 4473 2784 4552 urgeat.
