2959 4984
384 307 492 364 258
673 309 968 360 xxxvm.
1043 305 1290 358 BULLA
1329 307 1468 358 PRO
1506 305 1755 358 REGNO
1794 305 2197 360 BORUSs-tco
2237 306 2302 357 A.
2344 301 2501 358 1821.

396 472 686 538 lerorum
729 479 988 536 centum
1001 520 1021 553 ,
1067 478 1133 534 et
1171 493 1292 557 pro
1339 469 1631 555 quolibet
1674 489 1761 534 ex
1807 477 1951 535 octo
1990 467 2267 536 Vicariis
2306 492 2423 536 seu
2464 463 2779 540 Praeben-
2828 489 2834 494 ’

391 573 554 638 datis
601 571 998 636 thalerorum
1042 570 1418 636 biscentum.

551 670 682 754 (L.)
726 670 804 734 In
825 669 1116 735 Ecclesia
1158 691 1315 734 vero
1363 669 1737 758 Episcopali
1766 669 2179 751 Warmiensi‚
2224 671 2389 735 nihil
2428 670 2598 736 cirea
2644 671 2779 736 eius

389 770 668 860 Capituli
712 771 1141 853 dotationem,
1199 779 1266 834 et
1307 771 1581 835 formam
1642 769 1725 834 ad
1770 791 2081 857 praesens
2122 771 2593 838 immutandum
2644 793 2781 838 esse

384 872 801 952 declaramus,
838 879 1168 936 reservata
1207 880 1426 935 tamen
1469 871 1676 952 nobiS,
1723 879 1789 933 et
1822 871 2127 936 Romanis
2170 871 2591 936 Pontificibus
2638 895 2775 937 suc-

381 971 738 1038 cessoribus
785 971 1020 1036 nostris
1063 971 1346 1036 facultati
1388 972 1538 1035 illos
1582 970 1927 1056 aliquando
1972 971 2054 1034 ad
2092 972 2493 1056 reliquarum
2537 975 2777 1039 Borus—

381 1074 494 1140 sici
536 1071 750 1158 Regni
792 1071 1234 1136 Ecclesiarum
1282 1093 1574 1136 normam
1626 1070 2102 1136 conformandi.

549 1172 714 1258 (LI.)
779 1171 1332 1256 Aquisgranensis
1371 1181 1711 1258 praeterea
1756 1169 2089 1236 Ecclesiae
2132 1193 2253 1259 per
2293 1195 2415 1236 nos
2453 1174 2523 1237 in
2569 1173 2783 1240 Colle-

379 1276 620 1362 giatam
660 1281 732 1336 ut
773 1295 968 1359 supra
1011 1272 1394 1337 constitutae
1446 1270 1834 1359 Capitulum,
1880 1279 2177 1336 constans
2224 1294 2310 1337 ex
2356 1273 2543 1337 unica
2588 1273 2781 1338 Prae-

379 1375 570 1465 positi
614 1374 972 1460 Dignitate,
1004 1382 1070 1437 et
1111 1395 1230 1438 sex
1275 1371 1773 1438 Canonicatibus
1818 1371 2131 1436 eamdem·
2159 1395 2518 1438 annuorum
2562 1375 2781 1440 reddi-

380 1487 562 1544 tuum
607 1474 944 1542 Summam
989 1473 1414 1555 conservabit,
1462 1493 1589 1556 quo
1634 1481 1777 1536 actu
1821 1472 2085 1557 gaudet.

547 1574 746 1660 (LII.)
857 1572 1332 1639 Committimus
1403 1573 1647 1660 pariter
1705 1573 2031 1637 antedicto
2099 1573 2383 1661 Iosepho
2457 1573 2783 1662 Episcopo

382 1674 812 1756 Warmiensi,
883 1683 956 1737 ut
1003 1671 1408 1738 Clericorum
1452 1671 1833 1738 Seminariis
1874 1673 1943 1737 in
1982 1673 2269 1758 qualibet
2314 1674 2624 1739 Dioecesi
2671 1697 2779 1760 op·

383 1786 660 1864 portune
707 1773 1232 1839 constabiliendis
1289 1774 1478 1838 firma
1534 1782 1910 1838 remanente
1970 1774 2385 1860 possessione
2426 1773 2781 1855 Bonorum,

381 1901 544 1966 quae
585 1877 669 1942 ad
711 1897 1020 1963 praesens
1065 1875 1358 1940 obtinent
1399 1895 1509 1938 eas
1550 1875 1661 1939 vel
1702 1874 2040 1962 partiales,
2100 1875 2209 1938 vel
2250 1874 2539 1960 integras
2584 1883 2781 1963 prout

375 1978 742 2059 necessitaS,
791 1985 982 2060 atque
1023 1975 1262 2040 utilitas
1300 1975 1651 2062 postulabit
1678 1973 2009 2038 Bonorum
2052 1973 2415 2040 dotationes
2450 1973 2776 2057 attribuet,

383 2101 545 2166 quae
579 2080 657 2143 ab
697 2075 1102 2164 adpromissa
1133 2073 1549 2143 Serenissimi
1581 2074 1930 2140 Berussiae
1957 2073 2161 2160 Regis
2200 2075 2585 2140 liberalitate
2636 2099 2785 2163 sup-

376 2179 855 2269 peditabuntur.

544 2277 782 2365 (LIII.)
843 2275 1224 2342 Mandamus
1271 2295 1531 2359 quoque
1576 2273 1795 2338 eidem
1838 2273 2123 2360 Iosepho
2156 2272 2521 2362 Episcop0,.
2547 2284 2623 2340 ut
2666 2297 2787 2362 pro

377 2379 720 2444 cuiuslibet
759 2375 1086 2441 Antistitis
1134 2373 1388 2438 decenti
1426 2372 1815 2454 residentia,
1882 2374 1992 2437 vel
2030 2383 2253 2438 vetera
2295 2373 2685 2461 Episcopia,
2706 2375 2787 2438 ·si

377 2476 716 2546 commode
763 2474 907 2540 fieri
947 2473 1225 2562 poterit,
1289 2472 1401 2538 vel
1439 2473 1595 2536 alias
1637 2472 1889 2538 Domos
1932 2473 2017 2538 ad
2063 2471 2132 2536 id
2174 2497 2212 2538 a
2255 2467 2543 2560 praefaio
2587 2474 2779 2561 Rege

375 2581 444 2646 in
483 2576 865 2667 respectivis
897 2573 1298 2654 Civitatibus,
1341 2580 1535 2656 atque
1576 2571 1769 2636 etiam
1814 2573 2051 2637 alteras
2086 2571 2264 2655 Ruri,
2312 2574 2365 2638 si
2404 2575 2595 2638 facile
2634 2599 2783 2664 pos·

378 2683 460 2748 sit
499 2676 981 2758 concedendas3
1028 2677 1316 2759 itemque
1347 2676 1601 2742 Domos
1644 2697 1763 2762 pro
1794 2674 2257 2761 Dignitatibus,
2308 2673 2675 2760 CanoniciS,
2724 2687 2787 2742 et

376 2781 673 2860 Vicariis,
717 2797 837 2841 seu
876 2774 1362 2857 PraebendatiS,
1409 2797 1534 2840 nec
1582 2798 1715 2840 non
1760 2797 1879 2862 pro
1922 2773 2121 2840 Curia
2146 2773 2617 2858 Ecclesiastica,
2662 2798 2783 2864 pro

381 2878 700 2967 CapituIO,
749 2885 814 2939 et
839 2874 1126 2940 Archivo
1162 2874 1539 2939 tribuendas
1576 2884 1939 2963 opportune
1966 2883 2219 2957 statuet,
2257 2883 2455 2959 atque
2473 2877 2785 2962 assignet.

549 2976 780 3062 (LIV.)
859 2974 972 3040 Ad
1013 2975 1568 3040 manutentionem
1608 2997 1765 3040 vero
1809 2974 2225 3040 Fabricarum
2270 2984 2399 3040 tam
2448 2975 2783 3065 Metropo-

376 3080 718 3146 litanarum
733 3123 752 3158 ,
803 3097 992 3160 quam
1037 3073 1525 3140 Gathedralium
1575 3075 2005 3154 Ecclesiamm
2019 3123 2039 3157 ,
2088 3075 2573 3163 comprehensis
2624 3099 2784 3162 quo·

379 3201 504 3264 que
550 3176 912 3264 suppressis
929 3174 1424 3241 Cathedralibus
1453 3174 1858 3257 Gorbeiensi,
1910 3184 1977 3239 et
2004 3175 2542 3260 Aquisgranensi,
2586 3185 2785 3261 atque

375 3269 457 3346 ad
498 3275 699 3341 divini
742 3276 968 3359 cultus,
1011 3299 1085 3342 ac
1126 3275 1629 3341 Inservientium
1674 3295 1995 3362 expensas
2040 3295 2117 3339 ea
2158 3276 2343 3341 Bona
2354 3324 2374 3358 ,
2432 3299 2509 3340 ac
2550 3277 2777 3342 reddi-

380 3390 484 3445 tus
529 3378 720 3442 etiam
761 3375 831 3439 in
877 3376 1164 3442 futurum
1211 3379 1797 3457 conservabuntur,
1868 3396 2031 3459 quae
2071 3375 2151 3440 iis
2198 3375 2419 3440 usibus
2459 3377 2588 3440 iam
2636 3384 2789 3441 sunt

379 3483 728 3562 destinata,
777 3501 1071 3564 quaeque
1117 3478 1283 3544 Sere
1301 3479 1605 3544 nissimus
1648 3479 1796 3545 Rex
1838 3477 2337 3562 diligentissime
2380 3485 2789 3541 servaturum

380 3593 478 3650 est
518 3579 874 3670 pollicitus3
925 3587 990 3643 et
1030 3579 1098 3644 in
1142 3593 1292 3644 casu
1355 3578 1905 3644 extraordinariae
1950 3577 2348 3663 necessitatis
2398 3576 2791 3641 confidimus

377 3685 518 3750 fore
538 3733 558 3766 ,
599 3690 674 3745 ut
714 3681 910 3745 rebus
953 3679 1132 3742 hisce
1183 3679 1264 3743 de
1308 3679 1646 3750 Thesauro
1693 3679 1927 3764 Regio·
1950 3676 2303 3742 liberaliter
2344 3676 2787 3764 provideatur.

543 3779 738 3866 (LV.)
783 3779 1142 3846 Antedicto
1181 3779 1462 3867 Iosepho
1496 3777 1823 3868 Episcopo
1868 3787 2206 3867 praeterea
2250 3776 2672 3862 iniungimus,
2716 3785 2791 3841 ut

385 3881 727 3947 cuiuslibet
771 3881 1388 3969 ArchiepiscopaliS,
1437 3891 1502 3946 et
1536 3881 1937 3969 Episcopalis
1968 3880 2299 3946 Ecclesiae
2346 3879 2787 3963 suffraganea-

383 3990 483 4048 tus
525 3989 820 4046 assuetae
868 4002 1194 4066 congruae
1235 3982 1588 4046 Dotatione
1644 3982 1985 4069 provideat
2009 4031 2028 4066 ,
2088 3991 2291 4066 utque
2334 3979 2611 4065 singulis
2654 3979 2787 4044 Ar-

383 4080 809 4169 chiepiscopis
855 4089 920 4144 et
957 4080 1314 4170 Episcopis
1352 4081 1430 4146 ad
1473 4080 1997 4146 satisfaciendum
2042 4081 2345 4169 expensis
2371 4080 2789 4145 Vicariorum

383 4181 827 4264 Generalium,
875 4191 940 4244 et
965 4179 1200 4246 Curiae
1245 4203 1386 4246 eam
1427 4182 1801 4247 reddituum
1841 4183 2081 4248 tribuat
2124 4182 2571 4267 quantitatem,
2619 4201 2789 4265 quae

370 4306 411 4347 a
451 4281 867 4370 praelaudato
895 4281 1242 4346 Borussiae
1266 4282 1452 4368 Rege
1490 4282 1672 4346 iuxta
1712 4283 2071 4365 liberalem,
2115 4305 2191 4372 ac
2212 4280 2553 4370 providam
2584 4303 2769 4345 suam

377 4380 873 4469 promissionem
916 4383 1095 4446 hisce
1141 4382 1344 4447 titulis
1386 4383 1620 4448 factam
1664 4383 2104 4448 constituetur.
2769 4395 2785 4404 “

540 4478 772 4562 (LVI.)
819 4479 905 4543 Et
947 4482 1249 4565 quoniam
1291 4481 2139 4550 serenissimus-Berussiae
2161 4481 2309 4549 Rex
2347 4481 2519 4545 ultro
2570 4479 2787 4544 Nobis

2957 298 2959 405 ὦ
