2959 4984
431 296 538 359 XII
1187 288 1419 349 INDEX
1451 288 2091 351 MONUMENTORUM.

1251 542 1340 628 F)
1381 540 1497 609 Ius
1538 542 2029 610 matrimoniale.
2702 460 2850 529 Pag-

433 694 581 761 XC.
619 689 967 759 Benedicti
1023 688 1210 756 XIV.
1278 688 1648 755 constitutio
1702 690 1811 755 III
1844 715 1995 757 non.
2040 690 2413 757 novembris
2468 691 2627 758 1741

605 793 756 858 data
795 792 876 855 de
923 790 1154 855 ordine
1196 788 1585 854 iudiciorum
1622 789 1693 853 in
1736 792 1941 855 causis
1984 792 2557 858 matrimonialibus
2605 845 2619 860 .
2706 795 2842 861 576
2925 872 2926 887 χ

435 908 616 977 XCI.
680 905 1030 974 Benedicti
1071 904 1258 970 XIV.
1321 905 1673 979 declaratio
1741 906 1848 971 die
1910 908 1973 971 4.
2026 910 2402 975 novembris
2462 910 2620 974 1741

605 1007 840 1073 emissa
897 1027 1042 1070 cum
1099 1003 1527 1068 instructione
1592 1026 1787 1092 super
1833 1006 2069 1071 Dubiis
2119 1007 2616 1093 respicientibus

600 1103 1009 1171 matrimonia
1049 1105 1120 1168 in
1160 1102 1517 1171 Hollandia
1572 1112 1638 1169 et
1682 1104 1919 1191 Belgio
1976 1115 2303 1171 contracta
2350 1116 2415 1171 et
2464 1130 2616 1173 con-

599 1204 919 1271 trahenda
1107 1212 1120 1270 ’.
1297 1254 1312 1270 .
2606 1258 2621 1273 .
2710 1206 2841 1271 585
2925 1250 2926 1285 ἦ

434 1320 649 1390 XCII.
708 1322 812 1387 Pii
855 1322 1046 1388 VIII.
1109 1322 1310 1387 breve
1364 1320 1469 1385 die
1513 1320 1617 1387 25.
1658 1255 1877 1387 Martii
1932 1255 2101 1388 1830
2154 1258 2245 1388 ad·
2280 1322 2626 1409 Archiepi·

602 1444 874 1509 scopum
917 1418 1413 1502 Coloniensem,
1459 1429 1526 1485 et
1561 1420 1921 1509 Episcopos
1963 1422 2443 1505 Trevirensem‚
2481 1422 2623 1487 Mo-

598 1520 1066 1587 nasteriensem
1133 1526 1198 1585 et
1252 1519 1865 1585 Paderbornensem
1938 1522 2155 1606 quoad
2214 1522 2621 1587 matrimonia

601 1621 808 1686 mixta
852 1620 1156 1685 emissum
1296 1671 1310 1685 .
2712 1622 2838 1703 588

437 1736 690 1803 XCIII.
745 1736 1096 1803 Instructio
1151 1735 1521 1802 Oardinalis
1576 1738 1821 1803 Albani
1876 1738 1983 1803 dic
2042 1738 2143 1802 27.
2189 1672 2440 1803 Martii
2466 1738 2629 1804 1830

604 1837 818 1921 quoad
851 1835 1259 1901 matrimonia
1297 1836 1501 1901 mixta
1537 1837 1667 1901 lata
1860 1889 1875 1904 .
2042 1887 2060 1901 .
2607 1887 2624 1904 .
2704 1838 2837 1907 592

433 1952 676 2021 XCIV.
726 1952 1040 2039 Gregorii
1080 1952 1267 2018 XVI.
1323 1949 1577 2017 litterae
1640 1953 1746 2018 die
1790 1954 1891 2018 23.
1936 1955 2094 2041 Maji
2146 1956 2309 2021 1846
2372 1955 2455 2019 ad
2494 1954 2627 2021 Ar-

602 2052 1084 2139 chiepiscopum
1130 2050 1644 2139 Friburgensem
1704 2052 1918 2138 quoad
1973 2054 2383 2120 matrimonia
2420 2054 2625 2119 mixta

600 2153 786 2218 datae
913 2202 932 2221 .
1104 2202 1118 2217 .
1291 2200 1304 2216 .
1477 2201 1492 2216 .
1670 2207 1683 2222 .
1856 2203 1871 2218 .
2045 2206 2059 2221 .
2232 2206 2245 2222 .
2419 2205 2432 2219 .
2606 2205 2620 2219 .
2710 2154 2829 2219 597
