2959 4984
669 354 676 362 ,
762 296 904 347 Lvr.
977 292 1225 347 nunna
1261 294 1328 347 n.
1368 291 1454 345 11.
1492 292 1723 345 Aram.
1764 290 1921 347 1827.
2440 292 2546 349 33⁷

135 461 557 551 Episcopalis
599 460 945 544 vacaverit,
989 458 1164 525 illius
1215 458 1625 526 Cathedralis
1667 457 1999 524 Ecclesiae
2045 458 2415 547 Capitulum
2452 460 2548 526 in—

135 574 242 627 tra
295 582 587 637 mensem
649 584 688 625 a
744 560 852 625 die
905 560 1256 625 vacationis
1303 559 1807 645 computandum
1854 555 2158 625 Summos
2202 559 2547 649 respectivi

135 662 484 729 Territorii
529 660 876 748 Principes
931 660 1242 725 certiores
1287 658 1432 724 fieri
1479 658 1729 724 curabit
1770 659 1856 724 de
1896 659 2265 725 nominibus
2308 658 2547 726 Candi-

139 764 444 829 datorum
491 762 575 827 ad
625 759 894 827 Clerum
937 760 1410 827 Dioccesanum
1459 759 1888 849 spectantium
1906 808 1926 842 ,
1992 781 2153 844 quos
2200 762 2435 849 dignos
2482 771 2547 827 et

133 863 416 929 idoneos
459 863 642 927 iuxta
672 859 1023 927 Sacrorum
1055 860 1390 926 Canonum
1433 860 1835 948 praescripta
1876 858 2257 927 iudicaverit
2300 863 2382 927 ad
2413 863 2541 929 Ar-

137 963 689 1051 chiepiscopalem
742 962 854 1026 vel
891 960 1346 1050 Episcopalem
1389 959 1743 1025 Ecclesiam
1811 969 2025 1025 sancte
2082 961 2539 1049 sapienterque

139 1064 548 1149 regendam3
594 1062 650 1127 si
690 1063 858 1127 forte
899 1083 1058 1127 vero
1101 1060 1336 1147 aliquis
1381 1082 1470 1127 ex
1494 1058 1870 1126 Candidatis
1914 1060 2074 1149 ipsis
2113 1082 2363 1125 summo
2386 1060 2544 1127 Ter-

139 1165 360 1229 ritorii
402 1163 692 1252 Principi
753 1162 966 1227 minus
1025 1170 1250 1248 gratus
1311 1159 1678 1243 exstiterit,
1742 1158 2113 1249 Capitulum
2172 1182 2209 1225 e
2252 1162 2547 1249 catalogo

137 1287 295 1329 eum
353 1264 605 1329 delebit
624 1312 645 1347 ,
707 1263 962 1347 reliquo
1020 1270 1240 1326 tamen
1293 1270 1599 1326 manente
1642 1260 1988 1327 sufficienti
2035 1260 2545 1328 Candidatorum

137 1386 438 1447 numero,
485 1385 571 1428 ex
609 1386 737 1449 quo
773 1384 978 1428 novus
1024 1361 1318 1427 Antiates
1364 1360 1525 1447 eligi
1566 1361 1821 1444 valeat3
1888 1370 2041 1427 tunc
2079 1384 2237 1427 vero
2283 1361 2543 1450 Capitu-

135 1466 278 1529 lum
331 1464 416 1529 ad
477 1464 846 1529 canonicam
893 1462 1278 1527 electionem
1333 1461 1403 1525 in
1446 1461 2031 1551 Archiepiscopum
2055 1512 2075 1545 ,
2126 1463 2235 1527 vel
2274 1462 2540 1551 Episco—

134 1588 296 1653 pum
341 1564 538 1629 unius
585 1585 672 1629 ex.
711 1561 1108 1645 Candidatis,
1147 1562 1258 1646 qui
1303 1570 1709 1649 supererunt,
1753 1562 1935 1629 iuxta
1968 1572 2306 1628 consuetas
2352 1586 2539 1629 cano-

139 1665 320 1731 nicas
371 1665 614 1729 formas
659 1663 1011 1751 procedet,
1065 1685 1142 1726 ac
1197 1661 1659 1727 documentum
1696 1662 2031 1728 electionis
2070 1664 2139 1728 in
2182 1665 2394 1730 forma
2435 1688 2545 1731 au-

133 1765 428 1831 thentica
469 1763 638 1829 infra
679 1784 969 1827 mensem
1027 1762 1109 1825 ad
1151 1760 1494 1846 Summum
1537 1760 1922 1827 Pontificem
1946 1838 1956 1843 ,
1963 1764 2243 1851 perferri
2280 1766 2545 1833 curabit.

309 1862 458 1951 (Π.)
547 1862 888 1929 Secundo:
935 1861 1274 1927 Confectio
1310 1861 1665 1927 Processus
1709 1863 2101 1929 informativi
2144 1888 2343 1953 super
2386 1889 2541 1952 qua-

131 1966 428 2031 litatibus
469 1962 1076 2029 Promovendorum
1139 1962 1221 2027 ad
1267 1961 1911 2052 Archiepiscopalem
1970 1966 2080 2029 vel
2120 1964 2543 2055 Episcopales

135 2065 472 2131 Ecclesias
513 2088 552 2128 a
596 2064 888 2129 Romano
931 2062 1250 2127 Pontifice
1288 2062 1370 2127 ad
1409 2062 1684 2128 formam
1728 2064 2169 2131 instructionis
2216 2068 2361 2155 piae
2408 2088 2541 2132 me-

135 2166 394 2230 moriae
441 2162 692 2229 Urbani
735 2162 810 2228 P.
855 2162 931 2227 P.
974 2163 1180 2228 octavi
1221 2162 1400 2228 iussu
1447 2156 1661 2229 editae
1708 2164 1821 2229 uni
1866 2164 2343 2253 Episcoporum
2385 2165 2545 2231 Pro-

131 2265 394 2329 vinciae
443 2264 551 2327 vel
579 2262 1028 2328 Ecclesiastico
1077 2263 1480 2351 respectivae
1524 2264 1865 2330 Dioecesis
1909 2265 2051 2330 viro
2092 2267 2161 2329 in
2207 2265 2547 2352 Dignitate

137 2364 500 2429 constituto
551 2362 1014 2446 committetur,
1085 2382 1213 2447 quo
1255 2372 1523 2451 accepto
1564 2363 1618 2427 si
1664 2362 1973 2429 Summus
2018 2364 2325 2430 Pontifex
2372 2387 2543 2429 com-

133 2462 397 2552 pererit
431 2461 966 2527 Promovendum
1007 2461 1086 2527 iis
1133 2462 1390 2529 dotibus
1434 2463 1817 2528 instructum
1838 2514 1858 2548 ,
1924 2486 2083 2550 quas
2126 2465 2290 2529 sacri
2341 2462 2550 2530 Cano-

125 2586 246 2629 nes
293 2563 370 2626 in
412 2560 740 2650 Episcopo
779 2562 1140 2647 requirunt,
1188 2583 1358 2647 eum,
1402 2564 1835 2647 quantocitius
1878 2564 2022 2629 fieri
2068 2565 2328 2652 poterit,
2369 2564 2550 2629 iuxta

123 2672 408 2728 stamtas
453 2662 790 2743 canonicas
831 2662 1074 2727 formas
1122 2685 1242 2750 per
1284 2663 1699 2751 Apostolicas
1738 2664 1991 2730 Literas
2040 2664 2467 2729 confirmabit.

309 2761 498 2848 (ΙΙΙ.)
582 2762 846 2828 Tertio:
911 2761 986 2829 Si
1029 2785 1190 2828 vero
1231 2772 1342 2828 aut
1399 2764 1631 2829 electio
1678 2764 1942 2830 minime
1986 2764 2187 2829 fuerit
2241 2764 2545 2830 canonice

131 2872 410 2955 peracta
436 2910 458 2945 ,
499 2872 610 2927 aut
649 2863 1134 2951 promovendus
1178 2864 1529 2951 praedictis
1572 2864 1831 2930 dotibus
1876 2865 2225 2931 instructus
2271 2888 2403 2930 non
2444 2887 2545 2929 re-

129 2966 456 3055 periatur,
503 2984 590 3027 ex
629 2963 894 3051 speciali
937 2963 1146 3049 gratia
1186 2961 1497 3029 Summus
1536 2964 1849 3030 Pontifex
1886 2965 2276 3051 indulgebit,
2320 2974 2394 3030 ut
2424 2962 2546 3029 Ca-

123 3068 418 3157 pitulum
458 3066 541 3130 ad
584 3088 818 3132 novam
869 3067 1291 3148 electionem,
1354 3075 1426 3129 ut
1465 3088 1693 3154 supra,
1740 3066 2043 3131 canonica
2079 3065 2389 3131 methodo
2434 3088 2542 3129 va-

125 3169 266 3233 leat
311 3166 694 3255 procedere.

307 3265 486 3351 (IV.)
573 3268 861 3350 Quarto:
905 3264 1227 3355 Capitula,
1269 3274 1401 3331 tam
1442 3265 2037 3353 Metropolitanum,
2082 3286 2276 3349 quam
2307 3262 2541 3328 Cathe-

135 3368 352 3435 dralia
411 3389 532 3453 pro
578 3366 786 3455 prima
827 3366 968 3431 vice
1019 3388 1096 3431 eo
1120 3416 1141 3451 ,
1206 3366 1316 3452 qui
1377 3366 1669 3451 sequitur
1690 3416 1709 3449 ,
1774 3366 1969 3431 modo
2015 3366 2547 3431 efformabuntur.

135 3471 502 3553 Postquam
559 3466 1116 3556 Archiepiscopus
1138 3516 1158 3548 ,
1225 3466 1334 3531 vel
1395 3466 1761 3555 Episcopus
1828 3467 2211 3554 *respective
2274 3464 2550 3533 Sanctae

137 3571 348 3642 Sedis
391 3570 769 3635 auctoritate
812 3569 1058 3634 fuerint
1092 3568 1403 3651 instituti,
1471 3568 1567 3631 eis
1608 3591 1646 3632 a
1686 3566 1959 3633 Summo
2007 3566 2325 3631 Ponfifice
2368 3586 2540 3629 com-

127 3674 470 3752 mittetur,
545 3679 619 3735 ut
663 3669 956 3735 eiusdem
1011 3667 1267 3735 Summi
1315 3668 1647 3733 Pontificis
1702 3668 1963 3733 nomine
2020 3665 2104 3730 ad
2164 3663 2545 3731 nominatio-

129 3798 291 3841 nem
340 3772 611 3856 Decani,
657 3772 1138 3839 Canonicorum
1157 3822 1176 3855 ,
1220 3772 1329 3837 vel
1378 3772 1791 3837 vicariorum
1836 3768 2119 3858 Capituli
2166 3763 2544 3853 procedant,

129 3880 352 3963 iisque
402 3875 562 3940 dent
603 3872 976 3940 canonicam
1013 3871 1502 3937 institutionem.
1547 3872 1881 3959 Deinceps
1923 3890 2083 3933 vero
2118 3865 2544 3951 quotiescum-

140 4002 274 4067 que
316 3977 710 4056 DecanatuS,
755 3981 864 4037 aut
911 3971 1373 4056 Canonicatus5
1411 3973 1523 4037 vel
1568 3972 1931 4037 Vicariatus
1974 3964 2374 4046 vacaverint,
2421 3963 2549 4028 Ar-

142 4076 604 4164 chiepiscopus
626 4122 646 4157 ,
705 4073 815 4139 vel
871 4070 1234 4161 Episcopus
1295 4095 1442 4137 cum
1498 4072 1865 4160 respecfivo
1913 4066 2213 4157 Capitulo
2284 4062 2550 4129 alternis

133 4178 390 4244 vicibus
431 4176 604 4239 intra
651 4194 770 4237 sex
811 4170 1256 4237 hebdomades
1291 4196 1328 4236 a
1367 4172 1474 4236 die
1502 4170 1855 4237 vacationis
1880 4175 2253 4259 proponent
2274 4162 2547 4231 Summo

131 4275 482 4345 Territorii
529 4273 819 4361 Principi
867 4279 1140 4357 quatuor
1179 4270 1577 4339 Candidatos
1638 4272 1707 4337 in
1774 4271 1970 4336 sacris
2022 4267 2357 4333 ordinibus
2402 4286 2551 4329 con-

129 4379 395 4445 stitutos
436 4374 648 4460 iisque
691 4371 1020 4462 praeditos
1061 4372 1472 4456 qualitatibus
1492 4422 1513 4455 ,
1562 4394 1719 4459 quas
1765 4370 1925 4435 sacri
1972 4368 2269 4435 Canones
2312 4366 2382 4431 in
2426 4363 2551 4431 Ca-

127 4476 523 4570 pitularibus
562 4473 922 4559 requirunt.
1007 4473 1208 4556 Quod
1251 4474 1304 4539 si
1349 4472 1520 4541 forte
1562 4471 1797 4557 aliquis
1842 4492 1927 4537 ex
1968 4469 2127 4560 ipsis
2173 4466 2554 4536 Candidatis

191 4582 375 4627 Walter
408 4578 585 4623 Fontes
616 4580 734 4622 {urta
770 4578 1102 4622 ecclesiastici·
2087 4575 2157 4628 22
