2959 4984
333 268 442 325 296
681 268 748 319 L.
821 266 1136 319 LITERAE
1175 264 1617 319 ARCHIEPISO.
1660 262 2089 317 VIENNENSIS
2130 265 2190 315 A.
2230 260 2391 317 1855.

345 442 556 524 patet,
599 452 854 497 caussas
893 426 1257 513 Religionis
1303 434 1368 491 et
1405 427 1564 493 fidei
1610 450 1735 515 qua
1776 430 1934 495 tales
1980 428 2065 493 ad
2104 428 2605 517 competentiam
2644 429 2757 513 ju-

343 534 506 601 dicis
551 530 893 597 saecularis
935 551 1068 593 non
1108 526 1457 617 pertinere.

509 634 740 701 Relate
805 630 888 697 ad
933 650 1010 694 ea
1031 678 1052 710 ,
1128 649 1291 713 quae
1355 628 1659 693 adnotata
1712 638 1862 695 sunt
1918 630 1987 694 in
2042 630 2273 695 litteris
2320 628 2760 697 Celsitudinis

349 736 530 802 Tuae
573 728 1179 799 Reverendissimae
1221 728 1349 793 Nc.
1395 726 1585 795 XIII.
1610 778 1631 811 ,
1694 726 2150 795 Sanctissimus
2198 730 2393 795 Pater
2446 754 2581 795 non
2630 730 2759 795 du·

349 836 523 917 bitat,
567 832 722 918 quin
759 831 828 895 in
873 827 1318 895 constituenda
1363 829 1814 895 commissione
1862 830 2313 913 ecclesiastica,
2360 830 2441 895 de
2486 853 2615 915 qua
2667 830 2763 895 ibi

343 956 556 1001 sermo
605 940 706 997 est
731 981 752 1013 ,
813 928 1220 997 Gubernium
1267 927 1687 993 Austriacum
1750 953 1896 994 cum
1938 927 2179 995 Sancta
2220 929 2399 997 Sede
2456 930 2541 994 sit
2592 952 2759 1018 per-

339 1042 711 1101 tracturum.
2554 1086 2559 1093 ί

508 1131 868 1221 Superest,
935 1137 1010 1193 ut
1066 1128 1299 1193 effusas
1361 1128 1509 1193 Deo
1566 1128 1834 1215 Optimo
1879 1128 2165 1196 Maximo
2230 1130 2467 1217 gratias
2528 1153 2762 1215 agam,

352 1232 529 1323 quod
567 1230 1023 1319 gravissimum
1069 1228 1462 1313 maximique
1510 1229 1797 1293 omnium
1838 1231 2147 1315 momenti
2188 1240 2319 1297 tam
2354 1253 2472 1323 pr9
2516 1230 2761 1295 Eccle-

347 1336 442 1401 sia
480 1342 612 1397 tam
649 1354 770 1419 pro
795 1328 983 1395 Statu
1025 1328 1360 1413 negotium
1399 1328 1658 1393 felicem
1702 1330 1784 1394 ad
1830 1330 2075 1395 exitum
2113 1330 2309 1399 fuerit
2332 1330 2761 1419 perductum.

509 1428 1032 1497 Praeclarissima
1077 1428 1198 1493 hac
1247 1428 1600 1511 occasione,
1632 1438 1705 1493 ut
1748 1452 2028 1518 semper,
2060 1430 2580 1516 Angustissimus
2612 1431 2759 1495 Im-

347 1542 610 1623 perator
654 1528 948 1594 exhibuit
989 1528 1243 1617 pietatis
1303 1537 1368 1592 et
1427 1528 1649 1593 eximii
1691 1528 2056 1615 Religionis
2100 1530 2294 1595 studii
2340 1540 2761 1615 argumenta,

349 1655 513 1721 quae
557 1630 818 1717 quidem
847 1629 1118 1695 -clariori
1161 1628 1372 1693 adhuc
1415 1628 1625 1694 nitore
1668 1630 2032 1716 fulgebunt,
2082 1630 2235 1695 dum
2277 1653 2374 1715 ea,
2422 1653 2588 1716 quae
2640 1656 2761 1720 pa-

347 1744 448 1801 cta
492 1740 933 1813 conventaque
977 1738 1144 1813 sunt,
1187 1729 1552 1795 executioni
1596 1730 2087 1797 mandabuntur.

518 1832 661 1897 Hac
699 1838 914 1895 autem
953 1837 1101 1895 utor
1145 1830 1499 1913 occasione,
1540 1839 1614 1894 ut
1655 1828 2040 1896 Celsitudini
2086 1832 2264 1897 Tuae
2306 1830 2759 1899 Reverendis-

351 1934 548 2001 simae
594 1939 727 1995 toto
773 1929 970 1994 corde
1009 1930 1322 2015 gratuler,
1361 1930 1536 2015 quod
1581 1931 1965 2016 gravissimo
2009 1928 2161 1997 huic
2191 1933 2455 2019 negotio
2494 1956 2763 1999 summa

351 2030 693 2099 sedulitate
740 2051 1119 2115 summoque
1167 2030 1380 2095 studio
1429 2039 1494 2095 et
1536 2030 1757 2095 labore
1800 2031 2151 2097 multorum
2192 2056 2506 2098 annorum
2541 2037 2761 2121 spatio

356 2130 614 2197 dederis
662 2132 942 2219 operam.
1053 2130 1201 2195 Deo
1243 2130 1589 2215 adjuvante
1636 2140 1924 2195 sanctum
1981 2133 2105 2197 hoc
2166 2152 2344 2223 opus·
2370 2136 2456 2201 ad
2499 2121 2762 2203 eid'tum

353 2242 452 2299 est
490 2232 912 2320 perductum3
960 2228 1072 2295 det
1117 2230 1332 2295 eidem
1373 2231 1699 2295 Dominus
1744 2232 2247 2297 incrementum!

513 2332 900 2418 Pergratum
945 2330 1102 2396 mihi
1149 2340 1248 2395 est
1291 2330 1549 2396 hac-uti
1597 2332 1983 2419 occasione,
2023 2342 2097 2397 ut
2140 2333 2590 2401 sincerissimis
2630 2360 2758 2425 pe·
2792 2416 2799 2423 ,

352 2431 608 2499 culiaris
653 2431 1096 2497 observantiae
1144 2431 1442 2524 sensibus
1489 2440 1904 2520 permaneam

1263 2530 1682 2597 Celsitudinis
1726 2532 1905 2597 Tuae
1944 2534 2554 2617 Reverendissimae
2622 2582 2626 2587 ,

516 2632 831 2715 Viennae,
873 2631 979 2696 die
1025 2632 1125 2697 18.
1171 2625 1457 2719 Augusti
1506 2633 1685 2698 1855.
2212 2652 2215 2654 ’
2256 2651 2261 2656 ·
2614 2622 2620 2625 ’

1299 2786 1304 2791 .
1401 2766 1406 2771 -
1610 2732 2224 2817 obsequentissimus
2260 2696 2502 2799 servus

1202 2898 1208 2905 ,
1420 2832 1511 2897 M.
1560 2830 1752 2898 Card.
1800 2831 2049 2897 Viale
2094 2832 2342 2915 Prela
2382 2858 2470 2899 m.
2516 2858 2582 2922 p.

396 3058 472 3123 L.
557 3052 974 3141 Litterae,
1017 3078 1215 3143 quas
1259 3059 1357 3123 de
1399 3058 2043 3123 communicatis
2090 3058 2513 3147 Princeps
2564 3060 2705 3125 Ar-

793 3159 1410 3247 'chiepiscop·'us
1455 3158 1986 3252 Viennensis
2032 3158 2283 3223 dedit.

353 3306 878 3375 Eminentissime
913 3334 990 3375 ac
1010 3310 1565 3375 Reverendissime
1585 3308 1906 3375 Domine!
1948 3308 2224 3375 Domine
2246 3308 2755 3376 Golcndzssime!

519 3424 1071 3492 Honoratissimae
1109 3426 1515 3491 Eminentiae
1545 3426 1821 3491 Vestrae
1853 3426 2458 3496 Reverendissimae
2498 3428 2753 3495 litterae

358 3526 464 3591 die
515 3527 613 3594 18.
661 3528 948 3613 Augusti
993 3526 1178 3591 datae
1219 3526 1517 3591 redditae
1560 3528 1717 3591 mihi
1758 3536 1943 3609 sunt,
2011 3526 2093 3591 de
2136 3518 2366 3611 quibus
2412 3528 2571 3593 mihi
2612 3530 2751 3593 uni-

357 3651 496 3693 cam
553 3630 951 3714 subjungere
1007 3627 1198 3691 liceat
1258 3628 1795 3692 observationem.
1884 3628 2113 3693 Relate
2172 3627 2255 3691 ad
2303 3650 2410 3711 ea,
2478 3630 2751 3713 quaein

361 3727 634 3815 epistola
674 3728 906 3792 eodem
948 3728 1051 3791 die
1084 3726 1228 3791 data
1253 3726 1378 3791 Nc.
1408 3726 1598 3792 XIII.
1630 3750 2081 3816 exposueram,
2128 3727 2497 3793 Eminentia
2518 3730 2753 3794 Vestra

353 3828 424 3893 in
464 3828 694 3892 litteris
737 3827 863 3893 Nc.
910 3828 965 3891 1.
1012 3827 1169 3891 mihi
1217 3826 1727 3911 communicavit,
1774 3825 2267 3894 Sanctissimum
2310 3828 2577 3893 Patrem
2618 3852 2748 3894 non

358 3928 673 4011 dubitare,
719 3925 874 4012 quin
917 3926 986 3990 in
1027 3926 1470 3991 constituenda
1512 3927 1962 3993 commissione
2006 3927 2456 4011 ecclesiastica,
2502 3930 2586 3994 de
2628 3952 2749 4014 qua

353 4027 444 4094 ibi
503 4048 716 4092 sermo
774 4035 904 4111 est,
973 4026 1382 4093 Gubernium
1430 4027 1847 4093 Austriacum
1894 4026 2133 4093 Sancta
2188 4051 2334 4093 cum
2377 4026 2559 4094 Sede
2600 4051 2743 4118 per-

357 4136 774 4193 tractaturum
815 4128 914 4192 sit.
944 4128 1128 4211 Rem,
1176 4128 1258 4192 de
1304 4150 1429 4213 qua
1470 4128 1649 4193 nulla
1684 4129 1842 4194 mihi
1871 4130 2139 4194 facultas
2165 4150 2468 4194 concessa
2502 4138 2617 4213 est,
2662 4130 2745 4193 ad

355 4228 762 4315 Majestatem
801 4226 1002 4293 Suam
1040 4229 1352 4311 referam3
1397 4228 1846 4317 Eminentiam⁸
1876 4238 2091 4295 tamen
2105 4230 2413 4295 Vestram
2450 4252 2571 4317 pro
2614 4228 2743 4293 exi-

357 4328 521 4410 mia,
588 4350 714 4412 qua
771 4327 1179 4415 praefulget,
1245 4327 1557 4417 sapientia
1610 4329 1873 4395 minime
1916 4330 2122 4417 fugit,
2189 4337 2504 4415 quantum
2542 4328 2741 4417 ipsius

359 4425 690 4490 Ecclesiae
731 4426 967 4489 utilitas
1011 4436 1269 4512 poscat,
1325 4437 1399 4490 ut
1445 4428 1844 4511 commissiO,
1907 4431 2086 4514 cujus
2132 4428 2397 4495 consilio
2444 4428 2741 4514 Majestas
