2959 4984
454 268 561 324 208
888 268 1135 321 xxxm.
1220 270 1708 325 CONCORDATA
1745 272 2108 327 Bavamca
2149 274 2212 325 A.
2253 270 2410 327 1817.

456 458 615 501 num
670 434 1005 519 utriusque
1064 454 1261 499 sexus
1316 434 1628 500 coenobia
1681 434 1764 499 ad
1803 434 2266 501 instituendam
2327 436 2398 501 in
2435 436 2754 523 relig-ione
2794 450 2850 503 et

454 534 685 599 litteris
725 535 1127 601 iuventutem
1150 583 1170 616 ,
1232 544 1298 598 et
1336 534 1405 599 in
1450 535 1881 621 parochorum
1925 536 2284 601 subsidium
2309 586 2330 620 ,
2395 546 2504 601 aut
2543 560 2664 626 pro
2709 563 2845 605 cura

462 635 867 702 infirmorum
930 634 1089 699 inito
1156 658 1303 699 cum
1360 643 1578 699 sancta
1619 632 1799 703 Sede
1862 636 2133 701 consilio
2161 686 2181 719 ,
2251 660 2398 703 cum
2456 637 2848 703 convenienti

460 735 790 802 dotatione
828 734 1169 800 instaurari
1214 734 1478 800 curabit.

622 836 769 901 Art.
806 835 998 901 VIII.
1080 834 1267 911 Bona
1310 834 1820 917 seminariorum,
1871 835 2340 922 parochiarum,
2375 838 2845 921 beneficiorum,

451 936 855 1019 fabricarum,
878 935 1291 1021 omniumque
1314 936 1583 1000 aliarum
1603 934 2199 1001 Ecclesiasticarum
2221 934 2673 1002 fundationum
2697 960 2844 1001 sem-

452 1059 572 1127 per
613 1046 679 1102 et
716 1037 975 1123 integre
1017 1036 1457 1101 conservanda
1502 1044 1709 1118 erunt,
1749 1058 1872 1101 nec
1905 1036 2192 1117 distrahi,
2235 1056 2359 1100 nec
2401 1037 2470 1101 in
2513 1038 2842 1125 pensiones

452 1138 683 1205 mutari
722 1147 1047 1225 poterunt.
1104 1176 1187 1185 —-
1230 1137 1526 1203 Ecclesia
1579 1136 1846 1224 insuper
1905 1135 2004 1201 ius
2043 1136 2344 1219 habebit,
2407 1159 2609 1202 novas
2648 1138 2841 1223 acqui·

453 1238 642 1305 rendi
682 1237 1147 1327 possessiones,
1191 1248 1257 1302 et
1290 1236 1606 1324 quidquid
1648 1236 1730 1301 de
1769 1258 1938 1301 novo
1986 1235 2374 1321 acquisierit,
2413 1237 2610 1301 faciet
2651 1259 2844 1323 suum,

458 1348 524 1405 et
566 1339 932 1404 censebitur
990 1338 1223 1404 eodem
1261 1338 1401 1404 iure
1466 1362 1541 1403 ac
1580 1347 1834 1403 veteres
1893 1336 2306 1403 fundationes
2367 1338 2843 1423 ecclesiasticae,

460 1463 772 1527 quarum,
827 1438 921 1505 uti
958 1449 1024 1503 ct
1061 1439 1352 1522 illarum,
1416 1461 1580 1525 quae
1619 1438 1690 1503 in
1728 1448 2064 1528 posterum
2104 1438 2295 1521 fient,
2342 1439 2522 1503 nulla
2561 1439 2673 1503 vel
2709 1463 2841 1527 sup·

459 1541 711 1629 pressio
754 1539 864 1606 vel
919 1540 1071 1605 unio
1116 1539 1259 1605 fieri
1322 1539 1562 1628 poterit
1601 1542 1844 1625 absque
1888 1538 2084 1605 Sedis
2127 1538 2548 1626 Apostolicae
2587 1541 2842 1606 aucto-ri-

454 1642 602 1707 tatis
642 1642 1010 1707 interventu
1030 1689 1051 1722 ,
1108 1640 1297 1705 salvis
1343 1639 1752 1706 facultatibus
1797 1664 1836 1705 a
1877 1638 2078 1707 Sacro
2125 1636 2418 1719 Concilio
2467 1638 2837 1707 Tridentino

464 1741 803 1830 Episcopis
844 1741 1121 1807 tributis.

630 1841 778 1906 Art.
824 1840 945 1907 IX.
1033 1839 1353 1907 Sanctitas.
1390 1839 1546 1924 Sua,
1585 1849 1828 1907 attenta
1868 1840 2165 1922 utilitate,
2210 1860 2374 1923 quae
2418 1862 2503 1904 ex
2551 1842 2674 1907 hac
2715 1866 2844 1907 con-

458 1942 763 2010 ventione
806 1951 1020 2007 manat
1059 1943 1129 2007 in
1170 1965 1278 2025 ea,
1338 1964 1502 2027 quae
1557 1943 1640 2008 ad
1679 1964 1786 2007 res
1825 1942 2160 2008 Ecclesiae
2201 1951 2266 2007 et
2301 1942 2668 2028 Religionis
2709 1964 2837 2029 per-

459 2042 702 2123 tinent,
754 2041 1073 2107 Maiestati
1117 2042 1323 2129 Regis
1364 2042 1789 2107 Maximiliani
1831 2042 2097 2131 Iosephi
2137 2043 2407 2129 eiusque
2447 2041 2838 2109 Successori-

457 2144 575 2209 bus
624 2142 974 2209 Catholicis
1014 2166 1135 2231 per
1152 2143 1431 2209 Litteras
1457 2142 1872 2231 Apostolicas
1917 2143 2130 2207 statim
2177 2151 2327 2231 post
2366 2143 2840 2208 ratificationem

453 2244 815 2331 praesentis
860 2242 1323 2311 Conventionis
1366 2241 1816 2331 expediendas
1853 2242 1924 2306 in
1964 2250 2354 2330 perpetuum
2399 2242 2715 2309 concedet
2747 2242 2838 2307 In·

458 2345 709 2410 dultum
752 2344 1125 2411 nominandi
1184 2342 1268 2409 ad
1328 2352 1630 2409 vacantes
1672 2342 2281 2431 Archiepiscopales
2305 2352 2391 2408 -et
2433 2342 2839 2435 Episcopales

453 2444 780 2511 Ecclesias
814 2446 1028 2533 Regni
1070 2444 1365 2511 Bavarici
1424 2443 1662 2531 dignos
1729 2452 1795 2509 et
1846 2443 2118 2509 idoneos
2175 2444 2646 2509 ecclesiasticos
2681 2443 2840 2505 viros

451 2545 529 2611 iis
566 2546 823 2613 dotibus
853 2546 1203 2635 praeditOS,
1245 2568 1401 2630 quas
1426 2543 1592 2609 sacri
1625 2565 1902 2609 canones
1939 2543 2296 2628 requirunt.
2342 2543 2610 2609 Talibus
2641 2552 2844 2608 autem

452 2645 609 2710 viris
652 2644 973 2711 Sanctitas
1016 2644 1153 2711 Sua
1208 2644 1578 2711 canonicam
1637 2644 1815 2709 dabit
1855 2642 2324 2709 institutionem
2375 2643 2561 2709 iuxta
2616 2644 2842 2708 formas

450 2751 807 2809 consuetas,
860 2744 1255 2829 Ji‘riusquam
1294 2735 1452 2807 vero
1493 2765 1634 2807 eam
1687 2742 2100 2825 obtinuerint,
2141 2742 2452 2827 regimini
2496 2766 2612 2809 seu
2650 2741 2839 2808 admi-

448 2842 810 2909 nistrationi
840 2842 1292 2909 'Ecclesiarum
1328 2844 1836 2931 respectivarum
1853 2891 1873 2925 ,
1929 2841 2012 2907 ad
2075 2864 2228 2927 quas
2295 2842 2620 2929 designati
2680 2851 2838 2922 sunt,

450 2943 631 3009 nullo
677 2944 872 3009 modo
917 2966 1061 3009 sese
1103 2944 1466 3009 immiscere
1514 2952 1844 3031 poterunt.
1945 2944 2352 3009 Annatarum
2396 2966 2553 3009 vero
2601 2953 2666 3009 et
2705 2966 2840 3009 can-

450 3043 749 3109 cellariae
791 3054 979 3111 ta-xae
1020 3044 1658 3132 proportionabiliter
1719 3043 1803 3108 ad
1843 3042 2033 3109 unius
2079 3042 2386 3129 cuiusque
2429 3065 2688 3109 mensae
2735 3066 2837 3107 an-

450 3158 613 3207 nuos
652 3142 899 3207 reditus
947 3143 1029 3208 de
1069 3165 1239 3208 novo
1286 3152 1664 3209 statuentur.

614 3241 759 3307 Art.
802 3242 929 3308 Χ.
972 3242 1463 3335 Praeposituras
1527 3252 1658 3307 tam
1713 3244 1783 3308 in
1823 3241 2340 3335 Metropolitanis
2385 3264 2577 3327 quam
2617 3243 2684 3307 in
2727 3242 2836 3307 Ca·

449 3340 849 3407 thedralibus
893 3342 1202 3409 Ecclesiis
1266 3345 1558 3409 conferet
1599 3342 1922 3409 Sanctitas
1965 3342 2138 3427 Sua3
2201 3342 2284 3407 ad
2331 3342 2694 3409 Decanatus
2737 3362 2839 3403 no-

446 3441 713 3507 minabit
753 3443 963 3529 Regia
1004 3442 1327 3526 MaiestaS,
1366 3466 1532 3529 quae
1583 3443 1774 3507 etiam
1817 3443 1900 3508 ad
1939 3441 2422 3510 Canonicatus
2401 3466 2470 3507 m
2513 3464 2635 3507 sex
2673 3462 2838 3505 men·

451 3542 625 3609 sibus
666 3542 1063 3632 Apostolicis
1110 3544 1244 3609 sive
1288 3543 1638 3631 Papalibus
1697 3544 2072 3617 nominabit.
2159 3544 2398 3627 Quoad
2437 3544 2598 3609 alios
2639 3550 2837 3607 autem

451 3664 571 3709 sex
614 3665 870 3708 menses
893 3692 913 3726 ,
982 3644 1052 3707 in
1093 3666 1317 3709 eorum
1374 3644 1582 3709 tribus
1625 3643 2179 3733 Archiepiscopus
2219 3653 2285 3709 et
2323 3643 2721 3731 EpiscopuS,
2779 3640 2841 3703 in

446 3744 713 3830 reliquis
758 3766 916 3811 vero
971 3744 1173 3809 tribus
1222 3743 1595 3832 Capitulum
1637 3744 2010 3809 nominabit.
2059 3780 2146 3795 --·
2198 3745 2280 3809 In
2325 3744 2604 3832 capitula
2643 3742 2831 3807 eccle·

450 3845 689 3911 siarum
746 3854 877 3910 tam
910 3843 1560 3932 Metropolitanarum
1624 3866 1818 3929 quam
1863 3842 2024 3910 Cath
2035 3844 2348 3909 edralium
2408 3844 2478 3909 in
2521 3852 2840 3933 posterum

450 3948 559 4013 alii
604 3972 739 4013 non
778 3948 1215 4031 admittentur,
1264 3970 1455 4033 quam
1493 3946 1809 4034 indigeni,
1858 3947 1968 4032 qui
2007 3954 2270 4035 practer
2311 3944 2650 4030 qualitates
2671 3968 2708 4009 a
2732 3938 2836 4006 Sa-

336 4046 341 4055 *
450 4073 557 4116 cro
609 4048 900 4115 Concilio
941 4048 1323 4134 Tridentino
1386 4048 1728 4134 requisitas
1791 4048 1859 4112 in
1919 4046 2277 4112 animarum
2331 4067 2484 4111 cura
2548 4053 2617 4109 et
2655 4039 2836 4108 sacris

448 4150 816 4215 ministeriis
867 4172 1012 4215 cum
1064 4149 1259 4216 laude
1302 4149 1540 4214 versati
1606 4149 1772 4231 sint,
1833 4158 1943 4213 aut
1985 4146 2504 4237 Archiepiscopo
2549 4144 2658 4209 vel
2692 4139 2837 4228 Epi-

448 4273 645 4338 scopo
688 4250 757 4314 in
794 4250 1297 4317 administranda
1318 4248 1626 4314 Dioecesi
1667 4198 2050 4313 adiutricem
2091 4268 2358 4336 operam
2388 4242 2838 4334 praestiterint,

446 4351 559 4413 vel
598 4334 853 4414 virtutis
900 4374 975 4415 ac
1016 4350 1319 4415 scientiae
1362 4348 1610 4413 meritis
1662 4348 2042 4439 conspicuos
2079 4369 2224 4413 sese
2262 4345 2692 4413 reddiderint.
2732 4339 2840 4406 Vi-

457 4446 727 4511 cariatus
768 4470 926 4513 vero
964 4448 1033 4513 in
1072 4448 1305 4513 iisdem
1346 4447 1864 4537 Metropolitanis
1909 4458 1974 4513 et
2016 4446 2514 4560 Cathedralibus
2537 4439 2842 4511 Ecclesiis
