2959 4984
591 307 686 362 111.
757 307 1136 365 MAROULFI
1169 307 1573 366 FORMULAE
1612 309 2012 366 SELEOTAE.
2466 317 2502 370 8

142 477 476 564 pafionibus'
515 475 743 561 regiae
781 474 1234 538 sollicitudinis
1263 497 1414 539 cura
1447 477 1870 562 constringat,
1914 477 2077 542 nihil
2114 483 2330 543 tamen
2368 486 2498 542 tam

141 574 446 664 principali
506 597 700 660 quam
752 573 1058 662 Principe
1121 575 1394 660 dignum
1459 584 1561 639 est
1613 585 1687 640 ut
1726 598 1870 640 cum
1912 599 1951 640 a
1990 577 2297 664 pastorali
2340 599 2497 664 pau-

139 675 319 740 lulum
374 679 630 741 aberrat
691 674 879 762 plebs
939 675 1244 739 destituta
1299 675 1623 763 praesidio
1644 723 1663 758 ,
1731 698 1853 764 pro
1898 676 2103 741 salute
2146 676 2501 742 animarum

135 775 473 841 huiusmodi
505 774 804 864 personis
845 775 1006 838 locis
1054 775 1430 840 celsioribus
1460 776 1898 865 pontificalem
1939 776 2289 865 prospiciat
2328 799 2497 842 com-

136 876 365 952 mittere
419 876 803 961 dignitatem
859 875 925 939 in
971 875 1200 960 quibus
1251 884 1509 940 maneat
1559 875 1904 962 dupliciter
1950 896 2202 959 sermo,
2271 885 2345 941 ut
2384 898 2499 964 po-

135 977 302 1062 pulus
357 977 774 1062 magistrum,
848 984 1026 1040 aetus
1093 973 1334 1040 Christi
1393 975 1679 1040 imitetur
1740 975 2133 1063 discipulus;
2182 975 2295 1060 qui
2360 977 2499 1064 ple-

137 1079 264 1141 bem
315 1099 445 1142 non
501 1076 712 1143 minus
769 1075 1010 1164 pietate
1070 1097 1262 1160 quam
1308 1075 1653 1140 severitate
1698 1075 2129 1161 constringat,
2190 1075 2301 1162 qui
2343 1077 2501 1142 sciat

140 1177 446 1242 commissa
505 1175 628 1241 sibi
686 1176 926 1242 talenta
969 1175 1264 1240 assiduae
1303 1176 1799 1265 praedicationis
1848 1177 2251 1242 sermonibus
2298 1199 2500 1266 expo·-

134 1277 270 1359 lire,
312 1287 374 1341 et
415 1277 734 1362 adquisita
778 1275 1325 1364 multiplicataque
1366 1276 1593 1364 gregis
1638 1277 1736 1341 sui
1778 1276 2005 1362 salute,
2048 1277 2130 1342 ad
2176 1278 2343 1343 ovile
2389 1278 2502 1343 do-

135 1377 343 1442 minico
384 1377 580 1442 nullis
623 1377 888 1441 maculis
933 1376 1264 1442 sordidato
1312 1377 1525 1442 valeat
1556 1385 1987 1465 praesentare.
2030 1375 2117 1444 Et
2158 1379 2307 1464 quia
2350 1401 2499 1465 cog-

133 1477 396 1540 novimus
439 1485 695 1542 sanctae
738 1477 1204 1542 recordationis
1255 1477 1517 1542 Domno
1561 1477 1677 1542 illo
1722 1478 1897 1544 urbis
1938 1477 2115 1544 illius
2167 1478 2497 1544 Antestite

137 1578 483 1643 evocatione
548 1576 765 1642 divina
823 1579 904 1642 ab
963 1577 1086 1642 hac
1147 1578 1292 1642 luce
1349 1578 1705 1664 migrasse,
1776 1577 1860 1641 de
1905 1577 2083 1643 cuius
2130 1601 2502 1645 successore

133 1678 538 1744 sollicitudine
607 1699 894 1763 congrua
958 1701 1086 1742 una
1145 1701 1292 1742 cum
1333 1677 1757 1744 Pontificibus
1814 1678 1921 1742 vel
1964 1679 2341 1766 proceribus
2386 1702 2498 1745 no-

135 1778 262 1842 stris
301 1779 551 1866 plenius
597 1785 962 1860 tractantes,
1009 1777 1412 1844 decrevimus
1455 1777 1710 1842 inlustri
1752 1778 1893 1842 viro
1940 1779 2075 1864 (aut
2115 1779 2499 1866 venerabili)

133 1877 235 1940 illo
288 1878 350 1942 in
392 1879 530 1966 ipsa
574 1879 738 1942 urbe
779 1877 1276 1965 pontificalem'
1257 1902 1326 1942 m
1368 1878 1500 1944 Dei
1544 1878 1803 1944 nomine
1848 1879 2246 1945 committere
2289 1879 2498 1966 digni-

129 1987 336 2062 tatem5
401 2000 595 2063 quem
656 1978 1042 2065 plerumque
1083 1978 1256 2066 apud
1295 1977 1542 2044 animos
1584 1987 1839 2044 nostros
1906 1989 1972 2044 et
2018 1979 2183 2045 actio
2233 1981 2501 2068 probata

132 2078 532 2162 commendat,
577 2087 646 2142 et
683 2078 1032 2144 nobilitatis
1075 2077 1235 2142 ordo
1278 2078 1599 2162 sublimat,
1642 2103 1719 2144 ac
1756 2101 2010 2143 morum
2044 2079 2349 2167 probitas,
2393 2079 2501 2144 vel

130 2178 612 2244 mansuetudinis
659 2186 727 2242 et
764 2178 1149 2267 prudentiae
1188 2179 1495 2244 honestas
1540 2189 1827 2245 exornat.
1870 2181 2019 2262 Qua
2055 2179 2137 2243 de
2166 2201 2239 2244 re
2271 2188 2503 2245 statuta

129 2278 550 2362 praesentibus
594 2278 964 2343 ordinamus
1010 2288 1086 2342 ut
1127 2302 1271 2344 cum
1313 2279 1743 2344 adunatorum
1789 2287 2045 2344 caterva
2087 2279 2500 2361 Pontificum,

129 2377 200 2440 ad
245 2400 394 2462 quos
443 2387 661 2443 tamen
699 2388 959 2444 nostrae
1003 2379 1366 2444 serenitatis
1411 2379 1671 2444 devotio
1718 2379 1953 2466 scripta
1998 2379 2332 2467 pervenit,
2402 2381 2497 2466 ip-

134 2501 296 2562 sum,
354 2489 426 2544 ut
493 2477 658 2544 ordo
701 2478 1024 2566 postulat,
1081 2479 1474 2545 benedicere
1517 2487 1730 2542 vestra
1773 2478 2090 2544 industria
2136 2479 2392 2544 studeat
2438 2489 2505 2546 et

129 2579 448 2644 voluntatis
478 2588 739 2644 nostrae
777 2579 1309 2646 deliberationem
1342 2579 1647 2644 reseratis
1690 2579 1965 2644 oraculis
2006 2579 2360 2666 publicare,
2404 2588 2495 2646 at-

123 2697 233 2760 que
289 2680 588 2745 effectum
631 2679 916 2744 Domino
977 2688 1300 2745 annuente
1343 2679 1617 2762 sortire3
1692 2689 2005 2765 quatenus
2070 2681 2222 2744 dum
2267 2679 2493 2744 Eccle-

122 2777 262 2841 siam
303 2779 418 2844 sibi
457 2804 494 2843 a
537 2772 1017 2866 dispensatione
1063 2779 1280 2843 divina
1313 2780 1715 2843 commissam
1744 2788 2007 2843 strenue
2035 2801 2273 2866 regere
2305 2789 2497 2863 atque

121 2880 462 2960 gubernare
504 2878 785 2960 videtur,
828 2879 1013 2944 nobis
1039 2879 1234 2966 ‘apud
1261 2886 1597 2944 aeternum
1627 2879 2090 2944 retributorum
2122 2880 2493 2944 mercedem

112 2977 408 3064 suffragia
448 2978 829 3064 largiantur,
875 2987 940 3043 et
978 2979 1092 3043 ille
1137 3001 1256 3067 pro
1301 2988 1713 3067 peccatorum
1758 2988 2126 3044 nostrorum
2170 2981 2342 3044 mole
2389 2980 2483 3044 in-

123 3075 471 3144 desinenter
515 3079 903 3142 immensum
942 3079 1299 3144 Dominum
1349 3079 1585 3144 debeat
1627 3079 2000 3167 deprecare.

341 3243 682 3310 Indioulus
728 3245 927 3334 Reqis
967 3245 1060 3310 ad
1093 3245 1502 3332 Episcopum
1542 3260 1614 3311 ut
1656 3247 1861 3312 alium
1902 3245 2259 3310 benedicat.

264 3377 379 3443 VI.
459 3379 748 3444 Domino
810 3387 1028 3444 sancto
1076 3379 1252 3443 sedis
1293 3379 1685 3468 apostolicae
1737 3377 2055 3465 dignitate
2098 3377 2377 3442 colendo
2418 3377 2487 3442 in

125 3471 362 3542 Christo
403 3479 576 3566 patri
620 3478 715 3544 illi
758 3477 1086 3567 Episcopo
1130 3479 1242 3543 ille
1285 3479 1450 3546 Rex.
1528 3478 1872 3545 Credimus
1913 3480 2041 3544 iam
2080 3478 2164 3543 ad
2206 3486 2489 3543 vestram

121 3579 530 3643 reverentiam
589 3579 966 3666 pervenisse
1029 3587 1284 3644 sanctae
1344 3578 1811 3644 recordationis
1871 3579 2057 3644 illum
2100 3579 2275 3642 illius
2318 3577 2497 3642 urbis

125 3672 503 3744 Antestitem
545 3679 922 3744 evocatione
967 3679 1186 3743 divina
1231 3679 1314 3744 de
1351 3679 1711 3767 praesentis
1744 3679 1945 3744 seculi
1976 3679 2119 3744 luce
2146 3679 2497 3764 migrasse:

123 3773 196 3837 de
237 3778 409 3844 cuius
465 3799 840 3844 successore
903 3778 1338 3844 sollicitudine
1397 3801 1685 3864 congrua
1744 3803 1889 3846 cum
1930 3781 2353 3847 Pontificibus
2395 3782 2504 3845 vel

123 3872 490 3946 Primatibus
533 3879 762 3968 populi
801 3879 1004 3944 nostri
1049 3888 1517 3966 pertractantes
1534 3929 1555 3963 ,
1614 3879 2023 3946 decrevimus
2062 3881 2316 3946 inlustri
2360 3881 2501 3945 viro

121 3973 251 4058 illo,
318 3978 454 4064 (aut
493 3979 851 4044 venerabili
893 3979 1034 4045 viro
1077 3978 1220 4066 illo)
1265 3979 1351 4044 ad
1393 3981 1745 4068 praefatam
1788 3983 2019 4046 urbem
2060 3981 2501 4070 pontificalem

121 4078 509 4163 regulariter,
554 4079 816 4146 Christo
860 4079 1143 4167 auspice,
1187 4081 1592 4146 committere
1634 4081 2035 4168 dignitatem.
2080 4082 2167 4148 Et
2208 4082 2359 4147 ideo
2405 4107 2501 4148 sa-

120 4172 479 4246 lutationum
517 4181 660 4246 iura
701 4179 972 4266 dignum
1013 4179 1232 4246 debito
1266 4182 1518 4246 honore
1544 4183 1891 4265 solventes,
1929 4183 2209 4272 petimus
2249 4191 2323 4247 ut
2356 4207 2503 4250 cum

122 4275 192 4338 ad
230 4301 343 4344 vos
383 4283 794 4368 pervenerit,
851 4283 1102 4372 ipsum,
1161 4293 1237 4348 ut
1278 4285 1440 4349 ordo
1478 4285 1763 4374 postulat
1778 4334 1799 4368 ,
1858 4283 2245 4349 benedicere
2286 4294 2503 4351 vestra

124 4381 400 4446 sanctitas
442 4401 580 4446 non
623 4391 932 4467 moretur,
979 4392 1044 4448 et
1084 4383 1318 4448 iunctis
1361 4387 1695 4452 vobiscum
1728 4385 1961 4449 vestris
1978 4383 2505 4472 Comprovincia-

121 4474 302 4562 libus,
339 4482 552 4570 ipsum
591 4483 660 4546 in
693 4483 1126 4570 suprascripta
1165 4485 1328 4551 urbe
1367 4484 1751 4552 Pontificem
1794 4505 2193 4566 consecrare,
2240 4483 2501 4550 Christo
