2959 4984
993 303 1267 356 KAROLI
1305 305 1541 357 MAGNI
1577 307 1639 357 A.
1680 305 1801 360 789.
2530 311 2600 366 63

135 462 464 549 accipiat
501 464 716 528 virum
737 513 758 546 ,
801 463 1062 531 vivente
1104 467 1246 532 viro
1288 491 1406 536 suo
1422 517 1443 552 ,
1486 493 1609 536 nec
1650 471 1751 536 vir
1792 473 1985 538 aliam
2026 474 2297 562 accipiat
2334 477 2597 542 vivente

131 581 394 624 uxore
447 562 691 648 priore.

471 683 639 738 Cone.
675 683 852 739 Afric.
887 701 1005 740 can.
1043 689 1128 742 69.
1189 687 1410 742 Placuit
1441 693 1507 742 ut
1541 690 1846 744 secundum
1882 693 2262 762 evangelicam
2292 699 2349 748 et
2382 700 2605 765 aposto-

377 772 555 827 licam
589 772 942 841 disciplinam
975 791 1154 842 neque
1190 773 1448 828 dimissus
1486 780 1555 831 ab
1595 796 1785 845 uxore,
1821 797 2002 848 neque
2040 781 2266 836 dimissa
2302 800 2335 836 a
2374 783 2597 852 marit0,

380 860 559 915 alteri
611 861 1008 930 coniungatur;
1060 862 1159 915 sed
1205 862 1286 915 ita
1329 869 1637 930 maneant,
1701 870 1799 919 aut
1856 868 2081 921 sibimet
2136 870 2595 925 reconcilientur.

383 947 555 1015 Quod
591 947 640 1001 si
675 948 1116 1017 contempserint
1135 989 1149 1015 ,
1202 948 1274 1002 ad
1308 950 1711 1019 poenitentiam
1746 953 2091 1022 redigantur.
2181 955 2247 1010 In
2282 974 2393 1026 qua
2428 974 2593 1012 causa

381 1037 576 1104 legem
614 1035 965 1104 imperialem
999 1036 1299 1104 petendam
1337 1039 1696 1108 promulgari.

1169 1189 1652 1247 EPISCOPIS.

353 1311 623 1378 XLIV:
697 1311 866 1376 Item
909 1309 979 1374 in
1020 1308 1274 1391 eodem,
1321 1317 1395 1372 ut
1439 1310 1693 1398 probati
1735 1333 1774 1374 a
1815 1312 2311 1400 metropolitano
2354 1312 2603 1377 iudices

141 1438 306 1479 11011
357 1420 780 1500 spernantur.

469 1531 636 1585 Conc-
675 1528 848 1582 Afric.
889 1544 1006 1582 can.
1051 1527 1139 1582 89.
1214 1525 1265 1579 A
1304 1526 1583 1581 iudicibus
1620 1532 1807 1582 autem
1843 1546 1981 1597 quos
2022 1528 2329 1583 communia
2380 1546 2609 1583 consen-

385 1636 488 1672 sus
528 1615 764 1686 elegerit
783 1657 797 1683 ,
833 1632 946 1669 non
980 1614 1151 1668 liceat
1185 1630 1511 1684 provocare.
1580 1615 1658 1668 Et
1695 1616 1942 1684 quisquis
1983 1618 2251 1685 probatus
2290 1617 2460 1670 fuerit
2494 1634 2598 1686 per

387 1703 803 1758 contumaciam
850 1702 997 1755 nolle
1048 1702 1434 1771 obtemperare
1489 1701 1764 1756 iudicibus
1794 1741 1808 1768 ‚
1860 1720 1987 1756 cum
2038 1704 2145 1758 hoc
2201 1705 2413 1772 primae
2454 1703 2601 1757 sedis

385 1789 675 1860 Episcopo
710 1789 880 1842 fuerit
912 1789 1228 1858 probatum,
1268 1787 1365 1841 det
1399 1787 1618 1842 litteras
1652 1794 1717 1842 ut
1750 1790 1934 1842 nullus
1972 1791 2023 1844 ei
2060 1791 2429 1845 communicet
2461 1790 2595 1859 Epi-

391 1895 716 1948 scoporum‚
757 1875 935 1930 donec
971 1877 1338 1945 obtemperet.

1199 1990 1612 2084 OMNIBUS.

343 2151 565 2219 XLV.
674 2151 844 2216 Item
896 2149 963 2213 in
1022 2148 1255 2212 eodem
1322 2147 1490 2212 infra
1550 2148 1677 2213 duo
1730 2148 2040 2238 capitula,
2120 2161 2192 2214 ut
2234 2151 2396 2216 viles
2448 2173 2595 2240 per-

151 2277 386 2322 sonae
433 2276 568 2318 non
606 2253 885 2318 habeant
926 2257 1315 2336 potestatem
1357 2249 1717 2314 accusandi.
1761 2250 1847 2314 Et
1890 2249 1941 2314 si
1986 2250 2051 2314 in
2087 2251 2299 2338 primo
2332 2251 2598 2316 crimine

151 2356 336 2420 victi
405 2363 558 2418 sunt
617 2353 851 2416 falsum
911 2349 1161 2433 dicere,
1228 2350 1295 2413 in
1352 2349 1639 2415 secundo
1699 2373 1829 2414 non
1884 2351 2164 2416 habeant
2208 2360 2598 2438 potestatem

161 2454 480 2522 dicendi.

473 2571 641 2626 Cone.
681 2569 856 2624 Afric.
893 2587 1013 2624 can.
1053 2571 1138 2623 96.
1211 2568 1352 2622 Item
1409 2568 1621 2636 placuit
1675 2573 1739 2623 ut
1795 2586 1983 2622 omnes
2034 2570 2180 2623 servi
2228 2571 2316 2624 vel
2390 2571 2607 2640 proprii

395 2659 590 2714 liberti
626 2657 699 2711 ad
734 2657 1143 2712 accusationem
1175 2672 1290 2708 non
1326 2654 1730 2722 admittantur,
1800 2657 1890 2710 vel
1932 2674 2119 2710 omnes
2158 2674 2294 2725 quos
2330 2658 2403 2711 ad
2440 2673 2600 2711 accu-

397 2745 572 2798 sanda
607 2743 832 2812 publiea
867 2742 1100 2797 crimina
1151 2742 1304 2811 leges
1351 2742 1605 2810 publicae
1654 2760 1769 2796 non
1810 2743 2144 2812 admittunt3
2206 2761 2393 2798 omnes
2432 2743 2602 2797 etiam

396 2830 658 2885 infamiae
708 2831 940 2884 maculis
975 2830 1220 2898 aspersi,
1269 2829 1330 2882 id
1365 2834 1450 2882 est
1475 2869 1489 2896 ‚
1523 2829 1856 2897 histrioneS,
1896 2847 1960 2884 ac
1997 2831 2436 2900 turpitudinibus
2474 2832 2601 2904 eub-

397 2917 580 2972 iectae
619 2933 918 2986 personae,
972 2916 1241 2971 haeretici
1276 2916 1472 2983 etiam,
1526 2916 1642 2970 sive
1679 2918 1898 2987 pagani,
1939 2919 2053 2972 sive
2088 2919 2297 2973 Iudaei.
2376 2919 2485 2973 Sed
2518 2922 2601 2972 ta-

398 3022 528 3058 men
565 3006 820 3058 omnibus
859 3004 1056 3073 quibus
1094 3004 1376 3057 accusatio
1419 3005 1758 3074 denegatur,
1816 3006 1875 3057 in
1929 3007 2108 3060 causis
2164 3007 2407 3076 propriis
2445 3023 2604 3060 accu-

404 3091 564 3146 sandi
591 3092 880 3146 licentiam
913 3109 1028 3144 11011
1066 3090 1465 3160 denegandam.

472 3189 638 3242 Conc.
681 3187 854 3242 Afric.
899 3204 1018 3241 can.
1059 3188 1145 3243 97.
1204 3187 1347 3240 Item
1383 3187 1623 3256 placuit,
1671 3188 2108 3257 quotiescunque
2145 3188 2371 3242 Clericis
2410 3191 2479 3242 ab
2514 3205 2601 3242 ac-

402 3275 752 3330 cusatoribus
787 3275 964 3328 multa
1011 3274 1245 3328 crimina
1303 3274 1670 3341 obiiciuntur,
1734 3280 1791 3329 et
1829 3294 2001 3329 unum
2051 3293 2119 3328 ex
2154 3277 2289 3346 ipsis
2312 3317 2325 3343 ,
2388 3278 2456 3331 de
2494 3294 2603 3345 quo

400 3364 557 3433 prius
596 3363 791 3433 egerit,
827 3363 1068 3430 probare
1105 3380 1220 3415 non
1253 3361 1507 3428 valuerit,
1545 3361 1617 3414 ad
1654 3366 1876 3416 caetera
1911 3363 2021 3416 iam
2059 3381 2172 3417 non
2207 3364 2553 3418 admittatur.

1199 3517 1611 3574 OMNIBUS.

369 3635 614 3704 XLVI.
702 3638 870 3704 Item
924 3638 990 3702 in
1055 3637 1287 3702 eodem
1344 3648 1416 3701 ut
1458 3638 1749 3725 virgines
1798 3662 1929 3703 non
1972 3641 2271 3704 velentur
2316 3650 2463 3704 ante
2506 3639 2599 3703 vi—

183 3739 370 3828 ginti
415 3738 702 3824 quinque
745 3760 966 3821 annue,
1009 3737 1132 3802 nisi
1175 3736 1538 3804 rationabili
1576 3738 1961 3804 necessitate
2009 3749 2305 3825 cogente.

477 3857 644 3910 Cone.
680 3855 854 3910 Afric.
889 3873 1010 3910 can.
1045 3858 1131 3911 93.
1185 3855 1328 3908 Item
1359 3855 1571 3924 placuit
1604 3860 1669 3909 ut
1721 3856 2033 3924 quicunque
2068 3857 2474 3926 Episcoporum
2510 3873 2602 3910 ne-

395 3944 664 4004 comitam
701 3942 1076 4013 periclitantis
1126 3943 1428 4011 pudicitiae
1486 3943 1771 4013 virginalis
1798 3984 1811 4010 ‚
1866 3963 1993 3998 cum
2028 3944 2117 3998 vel
2160 3945 2369 4014 petitor
2400 3947 2599 4012 potens

399 4031 492 4086 vel
525 4026 724 4099 raptor
757 4030 956 4098 aliquis
991 4029 1350 4098 formidatur,
1405 4031 1494 4084 vel
1542 4031 1589 4084 si
1629 4032 1799 4085 etiam
1836 4033 2021 4101 aliquo
2055 4032 2253 4085 mortis
2288 4031 2600 4100 periculoso

400 4119 664 4188 scrupulo
701 4121 1034 4187 compuncta
1067 4117 1262 4184 fuerit,
1298 4134 1370 4170 ne
1406 4135 1521 4171 non
1554 4119 1739 4172 velata
1775 4121 2047 4173 moriatur
2061 4160 2074 4187 ‚
2114 4123 2210 4172 aut
2248 4119 2599 4188 exigentibus

399 4206 750 4276 parentibus,
787 4210 886 4259 aut
907 4205 994 4258 his
1038 4205 1109 4258 ad
1128 4221 1360 4273 quorum
1385 4222 1576 4258 curam
1598 4207 1861 4274 pertinet,
1902 4207 2171 4261 velaverit
2194 4207 2469 4276 virg-inem
2502 4224 2600 4260 seu

399 4294 612 4348 velavit
645 4293 798 4346 intra
835 4291 1039 4361 viginti
1075 4292 1320 4361 quinque
1356 4310 1529 4346 annos
1570 4293 1801 4362 aetatis,
1860 4311 1973 4347 non
2028 4294 2080 4346 ei
2114 4293 2263 4347 obsit
2298 4294 2600 4349 Concilium

400 4381 554 4450 quod
588 4381 660 4434 de
700 4380 812 4433 isto
846 4395 1116 4432 annorum
1151 4396 1382 4433 numero
1423 4381 1789 4434 constitutum
1824 4384 1925 4434 est.
