<?xml version="1.0" encoding="UTF-8"?>
<!DOCTYPE html PUBLIC "-//W3C//DTD XHTML 1.0 Transitional//EN"
    "http://www.w3.org/TR/xhtml1/DTD/xhtml1-transitional.dtd">
<html xmlns="http://www.w3.org/1999/xhtml" xml:lang="en" lang="en">
 <head>
  <title>
</title>
<meta http-equiv="Content-Type" content="text/html;charset=utf-8" />
  <meta name='ocr-system' content='tesseract 3.04.00' />
  <meta name='ocr-capabilities' content='ocr_page ocr_carea ocr_par ocr_line ocrx_word'/>
</head>
<body>
  <div class='ocr_page' id='page_1' title='image "./fontesiuriseccl00waltgoog_0050.png"; bbox 0 0 2959 4984; ppageno 0'>
   <div class='ocr_carea' id='block_1_1' title="bbox 435 301 2532 367">
    <p class='ocr_par' dir='ltr' id='par_1_1' title="bbox 435 301 2532 367">
     <span class='ocr_line' id='line_1_1' title="bbox 435 301 2532 367; baseline -0.002 0"><span class='ocrx_word' id='word_1_1' title='bbox 435 312 508 367; x_wconf 73' lang='lat'><strong>80</strong></span> <span class='ocrx_word' id='word_1_2' title='bbox 721 310 816 365; x_wconf 77' lang='lat' dir='ltr'><strong>Vl.</strong></span> <span class='ocrx_word' id='word_1_3' title='bbox 887 308 1188 365; x_wconf 70' lang='lat' dir='ltr'><strong>REGULA</strong></span> <span class='ocrx_word' id='word_1_4' title='bbox 1223 301 1745 363; x_wconf 67' lang='lat' dir='ltr'>OHBODOGANGI</span> <span class='ocrx_word' id='word_1_5' title='bbox 1778 306 2109 363; x_wconf 72' lang='lat' dir='ltr'><strong>erscopl</strong></span> <span class='ocrx_word' id='word_1_6' title='bbox 2148 306 2532 364; x_wconf 71' lang='lat' dir='ltr'>METENSIS.</span> 
     </span>
    </p>
   </div>
   <div class='ocr_carea' id='block_1_2' title="bbox 429 475 2839 1645">
    <p class='ocr_par' dir='ltr' id='par_1_2' title="bbox 436 475 2839 961">
     <span class='ocr_line' id='line_1_2' title="bbox 436 475 2837 564; baseline -0 -20"><span class='ocrx_word' id='word_1_7' title='bbox 436 488 542 545; x_wconf 85' lang='lat' dir='ltr'><strong>tur</strong></span> <span class='ocrx_word' id='word_1_8' title='bbox 585 498 850 543; x_wconf 86' lang='lat' dir='ltr'><strong>omnes:</strong></span> <span class='ocrx_word' id='word_1_9' title='bbox 897 487 967 541; x_wconf 86' lang='lat' dir='ltr'><strong>et</strong></span> <span class='ocrx_word' id='word_1_10' title='bbox 1007 484 1234 564; x_wconf 78' lang='lat' dir='ltr'><strong>postea</strong></span> <span class='ocrx_word' id='word_1_11' title='bbox 1273 475 1489 561; x_wconf 82' lang='lat' dir='ltr'><strong>erigat</strong></span> <span class='ocrx_word' id='word_1_12' title='bbox 1532 497 1621 558; x_wconf 88' lang='lat' dir='ltr'><strong>se,</strong></span> <span class='ocrx_word' id='word_1_13' title='bbox 1668 484 1800 541; x_wconf 86' lang='lat' dir='ltr'><strong>stet</strong></span> <span class='ocrx_word' id='word_1_14' title='bbox 1832 476 2007 541; x_wconf 81' lang='lat' dir='ltr'><strong>foras</strong></span> <span class='ocrx_word' id='word_1_15' title='bbox 2050 476 2391 543; x_wconf 82' lang='lat' dir='ltr'><strong>ecclesiam</strong></span> <span class='ocrx_word' id='word_1_16' title='bbox 2432 484 2583 541; x_wconf 88' lang='lat' dir='ltr'><strong>ante</strong></span> <span class='ocrx_word' id='word_1_17' title='bbox 2618 476 2837 564; x_wconf 83' lang='lat' dir='ltr'><strong>ipsum</strong></span> 
     </span>
     <span class='ocr_line' id='line_1_3' title="bbox 438 574 2837 666; baseline -0 -23"><span class='ocrx_word' id='word_1_18' title='bbox 438 578 693 660; x_wconf 82' lang='lat' dir='ltr'><strong>ostium,</strong></span> <span class='ocrx_word' id='word_1_19' title='bbox 732 578 998 666; x_wconf 86' lang='lat' dir='ltr'><strong>impleat</strong></span> <span class='ocrx_word' id='word_1_20' title='bbox 1039 576 1131 643; x_wconf 91' lang='lat' dir='ltr'><strong>ibi</strong></span> <span class='ocrx_word' id='word_1_21' title='bbox 1173 574 1458 659; x_wconf 83' lang='lat' dir='ltr'><strong>officium</strong></span> <span class='ocrx_word' id='word_1_22' title='bbox 1506 598 1693 641; x_wconf 89' lang='lat' dir='ltr'><strong>suum</strong></span> <span class='ocrx_word' id='word_1_23' title='bbox 1730 576 1797 641; x_wconf 86' lang='lat' dir='ltr'><strong>in</strong></span> <span class='ocrx_word' id='word_1_24' title='bbox 1842 584 2151 659; x_wconf 77' lang='lat' dir='ltr'><strong>quantum</strong></span> <span class='ocrx_word' id='word_1_25' title='bbox 2198 585 2433 663; x_wconf 87' lang='lat' dir='ltr'><strong>potest.</strong></span> <span class='ocrx_word' id='word_1_26' title='bbox 2475 575 2837 663; x_wconf 77' lang='lat' dir='ltr'><strong>Egredien-</strong></span> 
     </span>
     <span class='ocr_line' id='line_1_4' title="bbox 436 674 2839 763; baseline -0.001 -19"><span class='ocrx_word' id='word_1_27' title='bbox 436 677 608 744; x_wconf 79' lang='lat' dir='ltr'><strong>tibus</strong></span> <span class='ocrx_word' id='word_1_28' title='bbox 655 677 738 743; x_wconf 93' lang='lat' dir='ltr'><strong>de</strong></span> <span class='ocrx_word' id='word_1_29' title='bbox 783 677 1056 743; x_wconf 86' lang='lat' dir='ltr'><strong>ecclesia</strong></span> <span class='ocrx_word' id='word_1_30' title='bbox 1099 676 1396 741; x_wconf 81' lang='lat' dir='ltr'><strong>similiter</strong></span> <span class='ocrx_word' id='word_1_31' title='bbox 1441 685 1801 763; x_wconf 82' lang='lat' dir='ltr'><strong>prostratus</strong></span> <span class='ocrx_word' id='word_1_32' title='bbox 1842 674 2083 756; x_wconf 84' lang='lat' dir='ltr'><strong>iaceat,</strong></span> <span class='ocrx_word' id='word_1_33' title='bbox 2162 696 2367 761; x_wconf 85' lang='lat' dir='ltr'><strong>usque</strong></span> <span class='ocrx_word' id='word_1_34' title='bbox 2416 676 2573 743; x_wconf 87' lang='lat' dir='ltr'><strong>dum</strong></span> <span class='ocrx_word' id='word_1_35' title='bbox 2614 698 2839 744; x_wconf 85' lang='lat' dir='ltr'><strong>omnes</strong></span> 
     </span>
     <span class='ocr_line' id='line_1_5' title="bbox 438 776 2835 865; baseline 0.001 -24"><span class='ocrx_word' id='word_1_36' title='bbox 438 776 863 863; x_wconf 80' lang='lat' dir='ltr'><strong>egrediuntur</strong></span> <span class='ocrx_word' id='word_1_37' title='bbox 924 777 1132 842; x_wconf 78' lang='lat' dir='ltr'><strong>foras:</strong></span> <span class='ocrx_word' id='word_1_38' title='bbox 1195 785 1262 841; x_wconf 89' lang='lat' dir='ltr'><strong>et</strong></span> <span class='ocrx_word' id='word_1_39' title='bbox 1313 777 1565 858; x_wconf 83' lang='lat' dir='ltr'><strong>iacens,</strong></span> <span class='ocrx_word' id='word_1_40' title='bbox 1622 777 1731 841; x_wconf 90' lang='lat' dir='ltr'><strong>vel</strong></span> <span class='ocrx_word' id='word_1_41' title='bbox 1782 784 1961 843; x_wconf 87' lang='lat' dir='ltr'><strong>stans</strong></span> <span class='ocrx_word' id='word_1_42' title='bbox 2000 785 2151 841; x_wconf 86' lang='lat' dir='ltr'><strong>ante</strong></span> <span class='ocrx_word' id='word_1_43' title='bbox 2190 776 2405 865; x_wconf 83' lang='lat' dir='ltr'><strong>ipsum</strong></span> <span class='ocrx_word' id='word_1_44' title='bbox 2447 777 2651 843; x_wconf 82' lang='lat' dir='ltr'><strong>limen</strong></span> <span class='ocrx_word' id='word_1_45' title='bbox 2694 800 2835 843; x_wconf 90' lang='lat' dir='ltr'><strong>cum</strong></span> 
     </span>
     <span class='ocr_line' id='line_1_6' title="bbox 437 876 1284 961; baseline -0.002 -18"><span class='ocrx_word' id='word_1_46' title='bbox 437 876 619 945; x_wconf 81' lang='lat' dir='ltr'><strong>nullo</strong></span> <span class='ocrx_word' id='word_1_47' title='bbox 661 876 922 943; x_wconf 83' lang='lat' dir='ltr'><strong>homine</strong></span> <span class='ocrx_word' id='word_1_48' title='bbox 965 876 1284 961; x_wconf 85' lang='lat' dir='ltr'><strong>loquatur.</strong></span> 
     </span>
    </p>

    <p class='ocr_par' dir='ltr' id='par_1_3' title="bbox 429 976 2833 1645">
     <span class='ocr_line' id='line_1_7' title="bbox 598 976 2827 1065; baseline 0.001 -23"><span class='ocrx_word' id='word_1_49' title='bbox 598 977 706 1042; x_wconf 90' lang='lat' dir='ltr'><strong>De</strong></span> <span class='ocrx_word' id='word_1_50' title='bbox 749 976 1132 1043; x_wconf 65' lang='lat' dir='ltr'><strong>abstinentia</strong></span> <span class='ocrx_word' id='word_1_51' title='bbox 1176 999 1336 1042; x_wconf 89' lang='lat' dir='ltr'><strong>vero</strong></span> <span class='ocrx_word' id='word_1_52' title='bbox 1351 1024 1372 1061; x_wconf 89' lang='lat'><em>,</em></span> <span class='ocrx_word' id='word_1_53' title='bbox 1419 976 1721 1063; x_wconf 78' lang='lat' dir='ltr'><strong>quamdiu</strong></span> <span class='ocrx_word' id='word_1_54' title='bbox 1738 1022 1759 1056; x_wconf 91' lang='lat'><em>,</em></span> <span class='ocrx_word' id='word_1_55' title='bbox 1802 978 1910 1043; x_wconf 86' lang='lat' dir='ltr'><strong>vel</strong></span> <span class='ocrx_word' id='word_1_56' title='bbox 1952 978 2229 1062; x_wconf 84' lang='lat' dir='ltr'><strong>qualiter</strong></span> <span class='ocrx_word' id='word_1_57' title='bbox 2264 978 2573 1065; x_wconf 88' lang='lat' dir='ltr'><strong>episcopo</strong></span> <span class='ocrx_word' id='word_1_58' title='bbox 2616 980 2827 1045; x_wconf 86' lang='lat' dir='ltr'><strong>visum</strong></span> 
     </span>
     <span class='ocr_line' id='line_1_8' title="bbox 436 1076 2833 1162; baseline 0 -19"><span class='ocrx_word' id='word_1_59' title='bbox 436 1076 632 1143; x_wconf 80' lang='lat' dir='ltr'><strong>fuerit</strong></span> <span class='ocrx_word' id='word_1_60' title='bbox 651 1124 672 1159; x_wconf 91' lang='lat'><strong><em>,</em></strong></span> <span class='ocrx_word' id='word_1_61' title='bbox 712 1077 820 1141; x_wconf 86' lang='lat' dir='ltr'><strong>vel</strong></span> <span class='ocrx_word' id='word_1_62' title='bbox 861 1076 970 1161; x_wconf 89' lang='lat' dir='ltr'><strong>qui</strong></span> <span class='ocrx_word' id='word_1_63' title='bbox 1009 1079 1128 1143; x_wconf 87' lang='lat' dir='ltr'><strong>sub</strong></span> <span class='ocrx_word' id='word_1_64' title='bbox 1175 1098 1254 1142; x_wconf 92' lang='lat' dir='ltr'><strong>eo</strong></span> <span class='ocrx_word' id='word_1_65' title='bbox 1293 1087 1474 1160; x_wconf 86' lang='lat' dir='ltr'><strong>sunt,</strong></span> <span class='ocrx_word' id='word_1_66' title='bbox 1540 1098 1875 1160; x_wconf 83' lang='lat' dir='ltr'><strong>mensura,</strong></span> <span class='ocrx_word' id='word_1_67' title='bbox 1934 1078 2042 1141; x_wconf 86' lang='lat' dir='ltr'><strong>vel</strong></span> <span class='ocrx_word' id='word_1_68' title='bbox 2086 1077 2281 1159; x_wconf 87' lang='lat' dir='ltr'><strong>hora,</strong></span> <span class='ocrx_word' id='word_1_69' title='bbox 2330 1078 2439 1162; x_wconf 84' lang='lat' dir='ltr'><strong>qui</strong></span> <span class='ocrx_word' id='word_1_70' title='bbox 2486 1078 2547 1143; x_wconf 88' lang='lat' dir='ltr'><strong>ei</strong></span> <span class='ocrx_word' id='word_1_71' title='bbox 2596 1078 2833 1143; x_wconf 88' lang='lat' dir='ltr'><strong>viderit</strong></span> 
     </span>
     <span class='ocr_line' id='line_1_9' title="bbox 439 1176 2828 1266; baseline 0.001 -25"><span class='ocrx_word' id='word_1_72' title='bbox 439 1186 851 1266; x_wconf 82' lang='lat' dir='ltr'><strong>competere:</strong></span> <span class='ocrx_word' id='word_1_73' title='bbox 890 1198 1104 1262; x_wconf 89' lang='lat' dir='ltr'><strong>neque</strong></span> <span class='ocrx_word' id='word_1_74' title='bbox 1148 1202 1185 1243; x_wconf 84' lang='lat' dir='ltr'><strong>a</strong></span> <span class='ocrx_word' id='word_1_75' title='bbox 1229 1199 1551 1263; x_wconf 88' lang='lat' dir='ltr'><strong>quoquam</strong></span> <span class='ocrx_word' id='word_1_76' title='bbox 1594 1176 2047 1259; x_wconf 88' lang='lat' dir='ltr'><strong>benedicatur,</strong></span> <span class='ocrx_word' id='word_1_77' title='bbox 2092 1198 2299 1261; x_wconf 87' lang='lat' dir='ltr'><strong>usque</strong></span> <span class='ocrx_word' id='word_1_78' title='bbox 2343 1177 2499 1245; x_wconf 89' lang='lat' dir='ltr'><strong>dum</strong></span> <span class='ocrx_word' id='word_1_79' title='bbox 2540 1181 2828 1245; x_wconf 88' lang='lat' dir='ltr'><strong>reconci-</strong></span> 
     </span>
     <span class='ocr_line' id='line_1_10' title="bbox 433 1277 2825 1367; baseline 0 -25"><span class='ocrx_word' id='word_1_80' title='bbox 433 1278 644 1345; x_wconf 86' lang='lat' dir='ltr'><strong>lietur.</strong></span> <span class='ocrx_word' id='word_1_81' title='bbox 699 1278 832 1362; x_wconf 84' lang='lat' dir='ltr'><strong>Qui</strong></span> <span class='ocrx_word' id='word_1_82' title='bbox 871 1277 1026 1342; x_wconf 88' lang='lat' dir='ltr'><strong>dum</strong></span> <span class='ocrx_word' id='word_1_83' title='bbox 1070 1286 1330 1342; x_wconf 89' lang='lat' dir='ltr'><strong>vocatus</strong></span> <span class='ocrx_word' id='word_1_84' title='bbox 1373 1278 1627 1343; x_wconf 87' lang='lat' dir='ltr'><strong>venerit</strong></span> <span class='ocrx_word' id='word_1_85' title='bbox 1666 1278 1753 1344; x_wconf 91' lang='lat' dir='ltr'><strong>ad</strong></span> <span class='ocrx_word' id='word_1_86' title='bbox 1798 1278 2344 1343; x_wconf 86' lang='lat' dir='ltr'><strong>reconciliandum</strong></span> <span class='ocrx_word' id='word_1_87' title='bbox 2384 1288 2533 1343; x_wconf 87' lang='lat' dir='ltr'><strong>ante</strong></span> <span class='ocrx_word' id='word_1_88' title='bbox 2578 1280 2825 1367; x_wconf 86' lang='lat' dir='ltr'><strong>episco-</strong></span> 
     </span>
     <span class='ocr_line' id='line_1_11' title="bbox 431 1377 2825 1468; baseline 0.001 -25"><span class='ocrx_word' id='word_1_89' title='bbox 431 1400 588 1464; x_wconf 87' lang='lat' dir='ltr'><strong>pum</strong></span> <span class='ocrx_word' id='word_1_90' title='bbox 628 1378 735 1442; x_wconf 91' lang='lat' dir='ltr'><strong>vel</strong></span> <span class='ocrx_word' id='word_1_91' title='bbox 779 1378 1023 1443; x_wconf 88' lang='lat' dir='ltr'><strong>clerum</strong></span> <span class='ocrx_word' id='word_1_92' title='bbox 1067 1400 1213 1443; x_wconf 88' lang='lat' dir='ltr'><strong>cum</strong></span> <span class='ocrx_word' id='word_1_93' title='bbox 1257 1378 1432 1443; x_wconf 88' lang='lat' dir='ltr'><strong>omni</strong></span> <span class='ocrx_word' id='word_1_94' title='bbox 1473 1377 1841 1443; x_wconf 86' lang='lat' dir='ltr'><strong>humilitate</strong></span> <span class='ocrx_word' id='word_1_95' title='bbox 1894 1386 2255 1465; x_wconf 87' lang='lat' dir='ltr'><strong>prostratus</strong></span> <span class='ocrx_word' id='word_1_96' title='bbox 2316 1380 2491 1445; x_wconf 86' lang='lat' dir='ltr'><strong>omni</strong></span> <span class='ocrx_word' id='word_1_97' title='bbox 2552 1402 2825 1468; x_wconf 84' lang='lat' dir='ltr'><strong>corpore</strong></span> 
     </span>
     <span class='ocr_line' id='line_1_12' title="bbox 429 1478 2823 1567; baseline 0.002 -26"><span class='ocrx_word' id='word_1_98' title='bbox 429 1478 499 1543; x_wconf 86' lang='lat' dir='ltr'><strong>in</strong></span> <span class='ocrx_word' id='word_1_99' title='bbox 541 1487 715 1543; x_wconf 87' lang='lat' dir='ltr'><strong>terra</strong></span> <span class='ocrx_word' id='word_1_100' title='bbox 758 1487 936 1565; x_wconf 85' lang='lat' dir='ltr'><strong>petat</strong></span> <span class='ocrx_word' id='word_1_101' title='bbox 994 1480 1074 1543; x_wconf 88' lang='lat' dir='ltr'><strong>ab</strong></span> <span class='ocrx_word' id='word_1_102' title='bbox 1119 1479 1413 1543; x_wconf 87' lang='lat' dir='ltr'><strong>omnibus</strong></span> <span class='ocrx_word' id='word_1_103' title='bbox 1459 1479 1747 1561; x_wconf 82' lang='lat' dir='ltr'><strong>veniam3</strong></span> <span class='ocrx_word' id='word_1_104' title='bbox 1808 1487 1874 1543; x_wconf 86' lang='lat' dir='ltr'><strong>et</strong></span> <span class='ocrx_word' id='word_1_105' title='bbox 1918 1479 2263 1567; x_wconf 86' lang='lat' dir='ltr'><strong>episcopus</strong></span> <span class='ocrx_word' id='word_1_106' title='bbox 2320 1479 2678 1545; x_wconf 83' lang='lat' dir='ltr'><strong>secundum</strong></span> <span class='ocrx_word' id='word_1_107' title='bbox 2724 1502 2823 1545; x_wconf 89' lang='lat' dir='ltr'><strong>or-</strong></span> 
     </span>
     <span class='ocr_line' id='line_1_13' title="bbox 439 1577 1716 1645; baseline 0.002 -4"><span class='ocrx_word' id='word_1_108' title='bbox 439 1577 658 1643; x_wconf 87' lang='lat' dir='ltr'><strong>dinem</strong></span> <span class='ocrx_word' id='word_1_109' title='bbox 701 1578 1076 1645; x_wconf 85' lang='lat' dir='ltr'><strong>canonicum</strong></span> <span class='ocrx_word' id='word_1_110' title='bbox 1121 1601 1272 1643; x_wconf 93' lang='lat' dir='ltr'><strong>eum</strong></span> <span class='ocrx_word' id='word_1_111' title='bbox 1313 1578 1716 1645; x_wconf 89' lang='lat' dir='ltr'><strong>reconciliet.</strong></span> 
     </span>
    </p>
   </div>
   <div class='ocr_carea' id='block_1_3' title="bbox 587 1726 2707 1897">
    <p class='ocr_par' dir='ltr' id='par_1_4' title="bbox 587 1726 2707 1897">
     <span class='ocr_line' id='line_1_14' title="bbox 587 1726 2707 1819; baseline -0 -24"><span class='ocrx_word' id='word_1_112' title='bbox 587 1726 744 1817; x_wconf 81' lang='lat' dir='ltr'><strong>Cap.</strong></span> <span class='ocrx_word' id='word_1_113' title='bbox 785 1728 971 1795; x_wconf 90' lang='lat' dir='ltr'>XVI.</span> <span class='ocrx_word' id='word_1_114' title='bbox 1063 1728 1164 1795; x_wconf 85' lang='lat' dir='ltr'><strong>De</strong></span> <span class='ocrx_word' id='word_1_115' title='bbox 1211 1728 1346 1809; x_wconf 74' lang='lat' dir='ltr'><strong>his,</strong></span> <span class='ocrx_word' id='word_1_116' title='bbox 1393 1731 1509 1819; x_wconf 80' lang='lat' dir='ltr'><strong>qui</strong></span> <span class='ocrx_word' id='word_1_117' title='bbox 1545 1733 1683 1793; x_wconf 77' lang='lat' dir='ltr'><strong>sine</strong></span> <span class='ocrx_word' id='word_1_118' title='bbox 1723 1731 2010 1795; x_wconf 74' lang='lat' dir='ltr'><strong>iussione</strong></span> <span class='ocrx_word' id='word_1_119' title='bbox 2050 1732 2407 1817; x_wconf 71' lang='lat' dir='ltr'><strong>iunyuntur</strong></span> <span class='ocrx_word' id='word_1_120' title='bbox 2454 1754 2707 1794; x_wconf 78' lang='lat' dir='ltr'><strong>eaecom-</strong></span> 
     </span>
     <span class='ocr_line' id='line_1_15' title="bbox 1448 1834 1811 1897; baseline -0.008 -2"><span class='ocrx_word' id='word_1_121' title='bbox 1448 1834 1811 1897; x_wconf 72' lang='lat' dir='ltr'><strong>manicatis.</strong></span> 
     </span>
    </p>
   </div>
   <div class='ocr_carea' id='block_1_4' title="bbox 435 1960 2948 2351">
    <p class='ocr_par' dir='ltr' id='par_1_5' title="bbox 435 1960 2948 2351">
     <span class='ocr_line' id='line_1_16' title="bbox 609 1960 2827 2053; baseline 0 -24"><span class='ocrx_word' id='word_1_122' title='bbox 609 1960 685 2029; x_wconf 84' lang='lat' dir='ltr'><strong>Si</strong></span> <span class='ocrx_word' id='word_1_123' title='bbox 743 1964 885 2049; x_wconf 88' lang='lat' dir='ltr'><strong>quis</strong></span> <span class='ocrx_word' id='word_1_124' title='bbox 945 1964 1148 2029; x_wconf 86' lang='lat' dir='ltr'><strong>frater</strong></span> <span class='ocrx_word' id='word_1_125' title='bbox 1201 1964 1445 2050; x_wconf 87' lang='lat' dir='ltr'><strong>aliquid</strong></span> <span class='ocrx_word' id='word_1_126' title='bbox 1473 1965 1524 2050; x_wconf 91' lang='lat'><strong>¹)</strong></span> <span class='ocrx_word' id='word_1_127' title='bbox 1588 1964 2095 2053; x_wconf 82' lang='lat' dir='ltr'><strong>praesumpserit</strong></span> <span class='ocrx_word' id='word_1_128' title='bbox 2146 1964 2285 2029; x_wconf 88' lang='lat' dir='ltr'><strong>sine</strong></span> <span class='ocrx_word' id='word_1_129' title='bbox 2346 1964 2633 2029; x_wconf 84' lang='lat' dir='ltr'><strong>iussione</strong></span> <span class='ocrx_word' id='word_1_130' title='bbox 2696 1966 2827 2053; x_wconf 86' lang='lat' dir='ltr'><strong>epi-</strong></span> 
     </span>
     <span class='ocr_line' id='line_1_17' title="bbox 437 2064 2832 2151; baseline 0.001 -25"><span class='ocrx_word' id='word_1_131' title='bbox 437 2064 657 2151; x_wconf 90' lang='lat' dir='ltr'><strong>scopi,</strong></span> <span class='ocrx_word' id='word_1_132' title='bbox 725 2065 835 2129; x_wconf 92' lang='lat' dir='ltr'><strong>vel</strong></span> <span class='ocrx_word' id='word_1_133' title='bbox 891 2067 1000 2151; x_wconf 88' lang='lat' dir='ltr'><strong>qui</strong></span> <span class='ocrx_word' id='word_1_134' title='bbox 1064 2069 1182 2132; x_wconf 90' lang='lat' dir='ltr'><strong>sub</strong></span> <span class='ocrx_word' id='word_1_135' title='bbox 1242 2089 1321 2132; x_wconf 89' lang='lat' dir='ltr'><strong>eo</strong></span> <span class='ocrx_word' id='word_1_136' title='bbox 1383 2076 1572 2151; x_wconf 88' lang='lat' dir='ltr'><strong>sunt,</strong></span> <span class='ocrx_word' id='word_1_137' title='bbox 1640 2067 1875 2133; x_wconf 89' lang='lat' dir='ltr'><strong>clerico</strong></span> <span class='ocrx_word' id='word_1_138' title='bbox 1942 2066 2496 2134; x_wconf 86' lang='lat' dir='ltr'><strong>excommunicato</strong></span> <span class='ocrx_word' id='word_1_139' title='bbox 2542 2066 2832 2149; x_wconf 88' lang='lat' dir='ltr'><strong>quolibet</strong></span> 
     </span>
     <span class='ocr_line' id='line_1_18' title="bbox 435 2164 2829 2253; baseline 0 -24"><span class='ocrx_word' id='word_1_140' title='bbox 435 2164 630 2229; x_wconf 89' lang='lat' dir='ltr'><strong>modo</strong></span> <span class='ocrx_word' id='word_1_141' title='bbox 673 2186 744 2229; x_wconf 88' lang='lat' dir='ltr'><strong>se</strong></span> <span class='ocrx_word' id='word_1_142' title='bbox 786 2166 1097 2253; x_wconf 87' lang='lat' dir='ltr'><strong>iungere,</strong></span> <span class='ocrx_word' id='word_1_143' title='bbox 1153 2176 1277 2235; x_wconf 81' lang='lat' dir='ltr'><strong>aut,</strong></span> <span class='ocrx_word' id='word_1_144' title='bbox 1300 2168 1478 2253; x_wconf 91' lang='lat' dir='ltr'><strong>loqui</strong></span> <span class='ocrx_word' id='word_1_145' title='bbox 1522 2191 1669 2233; x_wconf 92' lang='lat' dir='ltr'><strong>cum</strong></span> <span class='ocrx_word' id='word_1_146' title='bbox 1711 2191 1809 2251; x_wconf 87' lang='lat' dir='ltr'><strong>ee,</strong></span> <span class='ocrx_word' id='word_1_147' title='bbox 1852 2178 1961 2233; x_wconf 84' lang='lat' dir='ltr'><strong>aut</strong></span> <span class='ocrx_word' id='word_1_148' title='bbox 2000 2167 2370 2233; x_wconf 86' lang='lat' dir='ltr'><strong>mandatum</strong></span> <span class='ocrx_word' id='word_1_149' title='bbox 2415 2165 2475 2229; x_wconf 91' lang='lat' dir='ltr'><strong>ei</strong></span> <span class='ocrx_word' id='word_1_150' title='bbox 2520 2165 2829 2251; x_wconf 80' lang='lat' dir='ltr'><strong>dirigere,</strong></span> 
     </span>
     <span class='ocr_line' id='line_1_19' title="bbox 439 2262 2948 2351; baseline 0.002 -23"><span class='ocrx_word' id='word_1_151' title='bbox 439 2273 548 2329; x_wconf 89' lang='lat' dir='ltr'><strong>aut</strong></span> <span class='ocrx_word' id='word_1_152' title='bbox 589 2263 856 2351; x_wconf 82' lang='lat' dir='ltr'><strong>litteras,</strong></span> <span class='ocrx_word' id='word_1_153' title='bbox 895 2266 1266 2333; x_wconf 85' lang='lat' dir='ltr'><strong>subiiciatur</strong></span> <span class='ocrx_word' id='word_1_154' title='bbox 1309 2268 1993 2335; x_wconf 83' lang='lat' dir='ltr'><strong>excommunicationis</strong></span> <span class='ocrx_word' id='word_1_155' title='bbox 2042 2266 2385 2334; x_wconf 87' lang='lat' dir='ltr'><strong>vindictae.</strong></span> <span class='ocrx_word' id='word_1_156' title='bbox 2946 2262 2948 2279; x_wconf 68' lang='lat'>²</span> 
     </span>
    </p>
   </div>
   <div class='ocr_carea' id='block_1_5' title="bbox 767 2428 2493 2519">
    <p class='ocr_par' dir='ltr' id='par_1_6' title="bbox 767 2428 2493 2519">
     <span class='ocr_line' id='line_1_20' title="bbox 767 2428 2493 2519; baseline -0.002 -22"><span class='ocrx_word' id='word_1_157' title='bbox 767 2429 924 2519; x_wconf 78' lang='lat' dir='ltr'><strong>Cap.</strong></span> <span class='ocrx_word' id='word_1_158' title='bbox 969 2428 1189 2497; x_wconf 86' lang='lat' dir='ltr'><strong>XVII.</strong></span> <span class='ocrx_word' id='word_1_159' title='bbox 1277 2428 1379 2495; x_wconf 87' lang='lat' dir='ltr'><strong>De</strong></span> <span class='ocrx_word' id='word_1_160' title='bbox 1426 2432 2092 2497; x_wconf 76' lang='lat' dir='ltr'><strong>excommunicatione</strong></span> <span class='ocrx_word' id='word_1_161' title='bbox 2134 2430 2493 2517; x_wconf 77' lang='lat' dir='ltr'><strong>culparum.</strong></span> 
     </span>
    </p>
   </div>
   <div class='ocr_carea' id='block_1_6' title="bbox 424 2560 2946 3827">
    <p class='ocr_par' dir='ltr' id='par_1_7' title="bbox 424 2560 2946 3827">
     <span class='ocr_line' id='line_1_21' title="bbox 597 2560 2829 2651; baseline 0 -23"><span class='ocrx_word' id='word_1_162' title='bbox 597 2560 674 2628; x_wconf 84' lang='lat' dir='ltr'><strong>Si</strong></span> <span class='ocrx_word' id='word_1_163' title='bbox 720 2562 863 2647; x_wconf 91' lang='lat' dir='ltr'><strong>quis</strong></span> <span class='ocrx_word' id='word_1_164' title='bbox 921 2563 1194 2628; x_wconf 88' lang='lat' dir='ltr'><strong>clericus</strong></span> <span class='ocrx_word' id='word_1_165' title='bbox 1241 2574 1589 2629; x_wconf 81' lang='lat' dir='ltr'><strong>contumax</strong></span> <span class='ocrx_word' id='word_1_166' title='bbox 1609 2614 1629 2647; x_wconf 91' lang='lat'><em>,</em></span> <span class='ocrx_word' id='word_1_167' title='bbox 1697 2573 1807 2628; x_wconf 92' lang='lat' dir='ltr'><strong>aut</strong></span> <span class='ocrx_word' id='word_1_168' title='bbox 1847 2562 2231 2629; x_wconf 88' lang='lat' dir='ltr'><strong>inobediens</strong></span> <span class='ocrx_word' id='word_1_169' title='bbox 2254 2612 2275 2647; x_wconf 83' lang='lat'><em>,</em></span> <span class='ocrx_word' id='word_1_170' title='bbox 2336 2572 2445 2627; x_wconf 89' lang='lat' dir='ltr'><strong>aut</strong></span> <span class='ocrx_word' id='word_1_171' title='bbox 2487 2566 2829 2651; x_wconf 75' lang='lat' dir='ltr'><strong>super-bue,</strong></span> 
     </span>
     <span class='ocr_line' id='line_1_22' title="bbox 435 2662 2829 2755; baseline 0.002 -30"><span class='ocrx_word' id='word_1_172' title='bbox 435 2670 546 2726; x_wconf 89' lang='lat' dir='ltr'><strong>aut</strong></span> <span class='ocrx_word' id='word_1_173' title='bbox 585 2662 880 2729; x_wconf 83' lang='lat' dir='ltr'><strong>ebriosus</strong></span> <span class='ocrx_word' id='word_1_174' title='bbox 894 2711 915 2746; x_wconf 89' lang='lat'><em>,</em></span> <span class='ocrx_word' id='word_1_175' title='bbox 959 2673 1072 2729; x_wconf 86' lang='lat' dir='ltr'><strong>aut</strong></span> <span class='ocrx_word' id='word_1_176' title='bbox 1109 2663 1434 2729; x_wconf 84' lang='lat' dir='ltr'><strong>detractor</strong></span> <span class='ocrx_word' id='word_1_177' title='bbox 1452 2714 1474 2747; x_wconf 87' lang='lat'><em>‚</em></span> <span class='ocrx_word' id='word_1_178' title='bbox 1531 2673 1643 2729; x_wconf 87' lang='lat' dir='ltr'><strong>aut</strong></span> <span class='ocrx_word' id='word_1_179' title='bbox 1686 2662 2120 2731; x_wconf 84' lang='lat' dir='ltr'><strong>contradictor</strong></span> <span class='ocrx_word' id='word_1_180' title='bbox 2141 2712 2162 2746; x_wconf 91' lang='lat'><em>,</em></span> <span class='ocrx_word' id='word_1_181' title='bbox 2208 2672 2318 2729; x_wconf 85' lang='lat' dir='ltr'><strong>aut</strong></span> <span class='ocrx_word' id='word_1_182' title='bbox 2359 2663 2627 2729; x_wconf 85' lang='lat' dir='ltr'><strong>rebellis</strong></span> <span class='ocrx_word' id='word_1_183' title='bbox 2650 2713 2672 2746; x_wconf 84' lang='lat'><em>,</em></span> <span class='ocrx_word' id='word_1_184' title='bbox 2723 2674 2829 2755; x_wconf 65' lang='lat' dir='ltr'><strong>aut</strong></span> 
     </span>
     <span class='ocr_line' id='line_1_23' title="bbox 433 2761 2828 2851; baseline 0.002 -26"><span class='ocrx_word' id='word_1_185' title='bbox 433 2761 871 2827; x_wconf 86' lang='lat' dir='ltr'><strong>contentiosus</strong></span> <span class='ocrx_word' id='word_1_186' title='bbox 887 2810 908 2845; x_wconf 89' lang='lat'><em>,</em></span> <span class='ocrx_word' id='word_1_187' title='bbox 955 2771 1068 2828; x_wconf 83' lang='lat' dir='ltr'><strong>aut</strong></span> <span class='ocrx_word' id='word_1_188' title='bbox 1107 2785 1516 2830; x_wconf 82' lang='lat' dir='ltr'><strong>murmurans</strong></span> <span class='ocrx_word' id='word_1_189' title='bbox 1536 2812 1555 2845; x_wconf 90' lang='lat'>‚</span> <span class='ocrx_word' id='word_1_190' title='bbox 1618 2772 1729 2828; x_wconf 87' lang='lat' dir='ltr'><strong>aut</strong></span> <span class='ocrx_word' id='word_1_191' title='bbox 1766 2763 2083 2829; x_wconf 85' lang='lat' dir='ltr'><strong>indictum</strong></span> <span class='ocrx_word' id='word_1_192' title='bbox 2116 2763 2429 2829; x_wconf 88' lang='lat' dir='ltr'><strong>ieiunium</strong></span> <span class='ocrx_word' id='word_1_193' title='bbox 2469 2773 2828 2851; x_wconf 80' lang='lat' dir='ltr'><strong>transgres-</strong></span> 
     </span>
     <span class='ocr_line' id='line_1_24' title="bbox 429 2860 2946 2951; baseline 0.002 -28"><span class='ocrx_word' id='word_1_194' title='bbox 429 2882 542 2925; x_wconf 87' lang='lat' dir='ltr'><strong>sus</strong></span> <span class='ocrx_word' id='word_1_195' title='bbox 581 2860 811 2944; x_wconf 80' lang='lat' dir='ltr'><strong>fuerit,</strong></span> <span class='ocrx_word' id='word_1_196' title='bbox 867 2872 978 2927; x_wconf 87' lang='lat' dir='ltr'><strong>aut</strong></span> <span class='ocrx_word' id='word_1_197' title='bbox 1023 2862 1107 2927; x_wconf 85' lang='lat' dir='ltr'><strong>ad</strong></span> <span class='ocrx_word' id='word_1_198' title='bbox 1154 2884 1410 2928; x_wconf 89' lang='lat' dir='ltr'><strong>crucem</strong></span> <span class='ocrx_word' id='word_1_199' title='bbox 1451 2873 1622 2929; x_wconf 86' lang='lat' dir='ltr'><strong>stare</strong></span> <span class='ocrx_word' id='word_1_200' title='bbox 1665 2864 1877 2929; x_wconf 86' lang='lat' dir='ltr'><strong>iussus</strong></span> <span class='ocrx_word' id='word_1_201' title='bbox 1922 2864 2421 2951; x_wconf 84' lang='lat' dir='ltr'><strong>contempserit,</strong></span> <span class='ocrx_word' id='word_1_202' title='bbox 2468 2873 2576 2928; x_wconf 89' lang='lat' dir='ltr'><strong>aut</strong></span> <span class='ocrx_word' id='word_1_203' title='bbox 2616 2864 2823 2929; x_wconf 87' lang='lat' dir='ltr'><strong>incre·</strong></span> <span class='ocrx_word' id='word_1_204' title='bbox 2945 2938 2946 2947; x_wconf 10' lang='grc' dir='ltr'>χ</span> 
     </span>
     <span class='ocr_line' id='line_1_25' title="bbox 435 2950 2946 3050; baseline 0.001 -26"><span class='ocrx_word' id='word_1_205' title='bbox 435 2968 622 3046; x_wconf 87' lang='lat' dir='ltr'><strong>patus</strong></span> <span class='ocrx_word' id='word_1_206' title='bbox 663 2962 919 3027; x_wconf 87' lang='lat' dir='ltr'><strong>veniam</strong></span> <span class='ocrx_word' id='word_1_207' title='bbox 969 2985 1100 3028; x_wconf 90' lang='lat' dir='ltr'><strong>non</strong></span> <span class='ocrx_word' id='word_1_208' title='bbox 1142 2963 1406 3050; x_wconf 86' lang='lat' dir='ltr'><strong>petierit</strong></span> <span class='ocrx_word' id='word_1_209' title='bbox 1427 3012 1450 3047; x_wconf 85' lang='lat'><em>‚</em></span> <span class='ocrx_word' id='word_1_210' title='bbox 1518 2973 1627 3028; x_wconf 87' lang='lat' dir='ltr'><strong>aut</strong></span> <span class='ocrx_word' id='word_1_211' title='bbox 1682 2964 1753 3029; x_wconf 87' lang='lat' dir='ltr'><strong>in</strong></span> <span class='ocrx_word' id='word_1_212' title='bbox 1806 2964 2023 3048; x_wconf 86' lang='lat' dir='ltr'><strong>aliquo</strong></span> <span class='ocrx_word' id='word_1_213' title='bbox 2088 2964 2411 3029; x_wconf 87' lang='lat' dir='ltr'><strong>contrario</strong></span> <span class='ocrx_word' id='word_1_214' title='bbox 2468 2965 2826 3031; x_wconf 82' lang='lat' dir='ltr'><strong>consistens</strong></span> <span class='ocrx_word' id='word_1_215' title='bbox 2945 2950 2946 3026; x_wconf 56' lang='grc' dir='ltr'>ἶ</span> 
     </span>
     <span class='ocr_line' id='line_1_26' title="bbox 432 3060 2828 3152; baseline 0.002 -27"><span class='ocrx_word' id='word_1_216' title='bbox 432 3060 584 3125; x_wconf 84' lang='lat' dir='ltr'><strong>huic</strong></span> <span class='ocrx_word' id='word_1_217' title='bbox 625 3062 932 3149; x_wconf 82' lang='lat' dir='ltr'><strong>parvulae</strong></span> <span class='ocrx_word' id='word_1_218' title='bbox 993 3063 1541 3129; x_wconf 86' lang='lat' dir='ltr'><strong>institutiunculae</strong></span> <span class='ocrx_word' id='word_1_219' title='bbox 1602 3072 1667 3128; x_wconf 92' lang='lat' dir='ltr'><strong>et</strong></span> <span class='ocrx_word' id='word_1_220' title='bbox 1729 3063 2091 3151; x_wconf 86' lang='lat' dir='ltr'><strong>praeceptis</strong></span> <span class='ocrx_word' id='word_1_221' title='bbox 2142 3063 2476 3152; x_wconf 87' lang='lat' dir='ltr'><strong>episcopi,</strong></span> <span class='ocrx_word' id='word_1_222' title='bbox 2545 3064 2655 3129; x_wconf 89' lang='lat' dir='ltr'><strong>vel</strong></span> <span class='ocrx_word' id='word_1_223' title='bbox 2720 3065 2828 3149; x_wconf 89' lang='lat' dir='ltr'><strong>qui</strong></span> 
     </span>
     <span class='ocr_line' id='line_1_27' title="bbox 433 3162 2825 3252; baseline 0 -25"><span class='ocrx_word' id='word_1_224' title='bbox 433 3163 554 3227; x_wconf 81' lang='lat' dir='ltr'><strong>sub</strong></span> <span class='ocrx_word' id='word_1_225' title='bbox 599 3183 676 3225; x_wconf 91' lang='lat' dir='ltr'><strong>eo</strong></span> <span class='ocrx_word' id='word_1_226' title='bbox 719 3172 900 3246; x_wconf 80' lang='lat' dir='ltr'><strong>sunt,</strong></span> <span class='ocrx_word' id='word_1_227' title='bbox 943 3172 1349 3252; x_wconf 89' lang='lat' dir='ltr'><strong>contemptor</strong></span> <span class='ocrx_word' id='word_1_228' title='bbox 1391 3173 1691 3252; x_wconf 88' lang='lat' dir='ltr'><strong>repertus</strong></span> <span class='ocrx_word' id='word_1_229' title='bbox 1736 3164 1975 3246; x_wconf 78' lang='lat' dir='ltr'><strong>fuerit3</strong></span> <span class='ocrx_word' id='word_1_230' title='bbox 2017 3164 2122 3229; x_wconf 90' lang='lat' dir='ltr'><strong>hic</strong></span> <span class='ocrx_word' id='word_1_231' title='bbox 2159 3162 2517 3229; x_wconf 84' lang='lat' dir='ltr'><strong>secundum</strong></span> <span class='ocrx_word' id='word_1_232' title='bbox 2559 3164 2825 3229; x_wconf 86' lang='lat' dir='ltr'><strong>Domini</strong></span> 
     </span>
     <span class='ocr_line' id='line_1_28' title="bbox 424 3260 2828 3351; baseline 0.002 -27"><span class='ocrx_word' id='word_1_233' title='bbox 424 3260 628 3325; x_wconf 82' lang='lat' dir='ltr'><strong>nostri</strong></span> <span class='ocrx_word' id='word_1_234' title='bbox 695 3273 1111 3351; x_wconf 84' lang='lat' dir='ltr'><strong>praeceptum</strong></span> <span class='ocrx_word' id='word_1_235' title='bbox 1171 3265 1594 3329; x_wconf 86' lang='lat' dir='ltr'><strong>admoneatur</strong></span> <span class='ocrx_word' id='word_1_236' title='bbox 1660 3264 1866 3329; x_wconf 88' lang='lat' dir='ltr'><strong>semel</strong></span> <span class='ocrx_word' id='word_1_237' title='bbox 1924 3272 1991 3328; x_wconf 87' lang='lat' dir='ltr'><strong>et</strong></span> <span class='ocrx_word' id='word_1_238' title='bbox 2062 3263 2347 3329; x_wconf 89' lang='lat' dir='ltr'><strong>secundo</strong></span> <span class='ocrx_word' id='word_1_239' title='bbox 2380 3264 2433 3346; x_wconf 76' lang='lat'><strong>²)</strong></span> <span class='ocrx_word' id='word_1_240' title='bbox 2497 3274 2751 3329; x_wconf 88' lang='lat' dir='ltr'><strong>secreto</strong></span> <span class='ocrx_word' id='word_1_241' title='bbox 2792 3288 2828 3329; x_wconf 85' lang='lat' dir='ltr'><strong>a</strong></span> 
     </span>
     <span class='ocr_line' id='line_1_29' title="bbox 429 3360 2825 3451; baseline 0.002 -27"><span class='ocrx_word' id='word_1_242' title='bbox 429 3360 790 3427; x_wconf 87' lang='lat' dir='ltr'><strong>senioribus</strong></span> <span class='ocrx_word' id='word_1_243' title='bbox 836 3364 988 3429; x_wconf 89' lang='lat' dir='ltr'><strong>suis.</strong></span> <span class='ocrx_word' id='word_1_244' title='bbox 1061 3362 1134 3431; x_wconf 81' lang='lat' dir='ltr'><strong>Si</strong></span> <span class='ocrx_word' id='word_1_245' title='bbox 1181 3386 1313 3429; x_wconf 91' lang='lat' dir='ltr'><strong>non</strong></span> <span class='ocrx_word' id='word_1_246' title='bbox 1355 3363 1799 3431; x_wconf 78' lang='lat' dir='ltr'><strong>emendaverit</strong></span> <span class='ocrx_word' id='word_1_247' title='bbox 1823 3413 1843 3446; x_wconf 88' lang='lat'><em>,</em></span> <span class='ocrx_word' id='word_1_248' title='bbox 1888 3362 2271 3451; x_wconf 83' lang='lat' dir='ltr'><strong>obiurgetur</strong></span> <span class='ocrx_word' id='word_1_249' title='bbox 2304 3362 2563 3451; x_wconf 91' lang='lat' dir='ltr'><strong>publice</strong></span> <span class='ocrx_word' id='word_1_250' title='bbox 2610 3384 2825 3429; x_wconf 89' lang='lat' dir='ltr'><strong>coram</strong></span> 
     </span>
     <span class='ocr_line' id='line_1_30' title="bbox 427 3460 2821 3549; baseline 0.002 -25"><span class='ocrx_word' id='word_1_251' title='bbox 427 3460 744 3527; x_wconf 73' lang='lat' dir='ltr'><strong>omnibus⁶</strong></span> <span class='ocrx_word' id='word_1_252' title='bbox 847 3461 922 3530; x_wconf 83' lang='lat' dir='ltr'><strong>Si</strong></span> <span class='ocrx_word' id='word_1_253' title='bbox 966 3484 1126 3529; x_wconf 86' lang='lat' dir='ltr'><strong>vero</strong></span> <span class='ocrx_word' id='word_1_254' title='bbox 1168 3484 1382 3549; x_wconf 87' lang='lat' dir='ltr'><strong>neque</strong></span> <span class='ocrx_word' id='word_1_255' title='bbox 1443 3464 1535 3527; x_wconf 88' lang='lat' dir='ltr'><strong>sic</strong></span> <span class='ocrx_word' id='word_1_256' title='bbox 1578 3485 1649 3529; x_wconf 89' lang='lat' dir='ltr'><strong>se</strong></span> <span class='ocrx_word' id='word_1_257' title='bbox 1692 3463 2095 3545; x_wconf 81' lang='lat' dir='ltr'><strong>correxerit3</strong></span> <span class='ocrx_word' id='word_1_258' title='bbox 2166 3464 2219 3529; x_wconf 87' lang='lat' dir='ltr'><strong>si</strong></span> <span class='ocrx_word' id='word_1_259' title='bbox 2260 3462 2573 3549; x_wconf 80' lang='lat' dir='ltr'><strong>intelligit</strong></span> <span class='ocrx_word' id='word_1_260' title='bbox 2614 3464 2821 3547; x_wconf 83' lang='lat' dir='ltr'><strong>qualis</strong></span> 
     </span>
     <span class='ocr_line' id='line_1_31' title="bbox 429 3560 2824 3650; baseline -0.001 -23"><span class='ocrx_word' id='word_1_261' title='bbox 429 3580 642 3649; x_wconf 77' lang='lat' dir='ltr'><strong>poena</strong></span> <span class='ocrx_word' id='word_1_262' title='bbox 687 3560 787 3645; x_wconf 84' lang='lat' dir='ltr'><strong>sit,</strong></span> <span class='ocrx_word' id='word_1_263' title='bbox 837 3563 1486 3629; x_wconf 78' lang='lat' dir='ltr'><strong>excommunicationi</strong></span> <span class='ocrx_word' id='word_1_264' title='bbox 1530 3564 1884 3645; x_wconf 84' lang='lat' dir='ltr'><strong>subiaceat3</strong></span> <span class='ocrx_word' id='word_1_265' title='bbox 1932 3562 2030 3627; x_wconf 87' lang='lat' dir='ltr'><strong>sin</strong></span> <span class='ocrx_word' id='word_1_266' title='bbox 2074 3569 2289 3629; x_wconf 87' lang='lat' dir='ltr'><strong>autem</strong></span> <span class='ocrx_word' id='word_1_267' title='bbox 2330 3562 2665 3650; x_wconf 87' lang='lat' dir='ltr'><strong>improbus</strong></span> <span class='ocrx_word' id='word_1_268' title='bbox 2711 3572 2824 3645; x_wconf 81' lang='lat' dir='ltr'><strong>est,</strong></span> 
     </span>
     <span class='ocr_line' id='line_1_32' title="bbox 425 3660 2821 3750; baseline 0.002 -25"><span class='ocrx_word' id='word_1_269' title='bbox 425 3672 536 3726; x_wconf 85' lang='lat' dir='ltr'><strong>aut</strong></span> <span class='ocrx_word' id='word_1_270' title='bbox 575 3660 786 3727; x_wconf 88' lang='lat' dir='ltr'><strong>minus</strong></span> <span class='ocrx_word' id='word_1_271' title='bbox 823 3663 1234 3749; x_wconf 77' lang='lat' dir='ltr'><strong>in&#39;telligenS,</strong></span> <span class='ocrx_word' id='word_1_272' title='bbox 1276 3664 1385 3728; x_wconf 86' lang='lat' dir='ltr'><strong>vel</strong></span> <span class='ocrx_word' id='word_1_273' title='bbox 1421 3662 1902 3749; x_wconf 86' lang='lat' dir='ltr'><strong>incorrigibilis,</strong></span> <span class='ocrx_word' id='word_1_274' title='bbox 1945 3662 2267 3729; x_wconf 87' lang='lat' dir='ltr'><strong>vindictae</strong></span> <span class='ocrx_word' id='word_1_275' title='bbox 2312 3661 2632 3750; x_wconf 82' lang='lat' dir='ltr'><strong>corporali</strong></span> <span class='ocrx_word' id='word_1_276' title='bbox 2677 3664 2821 3729; x_wconf 87' lang='lat' dir='ltr'><strong>sub-</strong></span> 
     </span>
     <span class='ocr_line' id='line_1_33' title="bbox 435 3761 642 3827; baseline 0 -2"><span class='ocrx_word' id='word_1_277' title='bbox 435 3761 642 3827; x_wconf 86' lang='lat' dir='ltr'><strong>datur.</strong></span> 
     </span>
    </p>
   </div>
   <div class='ocr_carea' id='block_1_7' title="bbox 424 3908 2823 4003">
    <p class='ocr_par' dir='ltr' id='par_1_8' title="bbox 424 3908 2823 4003">
     <span class='ocr_line' id='line_1_34' title="bbox 424 3908 2823 4003; baseline 0 -26"><span class='ocrx_word' id='word_1_278' title='bbox 424 3910 582 4000; x_wconf 85' lang='lat' dir='ltr'><strong>Cap.</strong></span> <span class='ocrx_word' id='word_1_279' title='bbox 617 3908 873 3977; x_wconf 82' lang='lat' dir='ltr'>XVIII.</span> <span class='ocrx_word' id='word_1_280' title='bbox 948 3910 1048 3977; x_wconf 84' lang='lat' dir='ltr'><strong>De</strong></span> <span class='ocrx_word' id='word_1_281' title='bbox 1091 3913 1208 3993; x_wconf 73' lang='lat' dir='ltr'><strong>his,</strong></span> <span class='ocrx_word' id='word_1_282' title='bbox 1264 3914 1380 4003; x_wconf 77' lang='lat' dir='ltr'><strong>qui</strong></span> <span class='ocrx_word' id='word_1_283' title='bbox 1413 3914 1485 3977; x_wconf 79' lang='lat' dir='ltr'><strong>in</strong></span> <span class='ocrx_word' id='word_1_284' title='bbox 1529 3912 1907 4003; x_wconf 77' lang='lat' dir='ltr'><strong>quibusdam</strong></span> <span class='ocrx_word' id='word_1_285' title='bbox 1954 3912 2306 3979; x_wconf 76' lang='lat' dir='ltr'><strong>levioribus</strong></span> <span class='ocrx_word' id='word_1_286' title='bbox 2355 3912 2823 4001; x_wconf 59' lang='lat' dir='ltr'><strong>delinquunffl).</strong></span> 
     </span>
    </p>
   </div>
   <div class='ocr_carea' id='block_1_8' title="bbox 593 4043 2942 4141">
    <p class='ocr_par' dir='ltr' id='par_1_9' title="bbox 593 4043 2942 4141">
     <span class='ocr_line' id='line_1_35' title="bbox 593 4043 2942 4141; baseline -0.001 -29"><span class='ocrx_word' id='word_1_287' title='bbox 593 4043 668 4113; x_wconf 85' lang='lat' dir='ltr'><strong>Si</strong></span> <span class='ocrx_word' id='word_1_288' title='bbox 711 4047 854 4131; x_wconf 89' lang='lat' dir='ltr'><strong>quis</strong></span> <span class='ocrx_word' id='word_1_289' title='bbox 895 4045 966 4111; x_wconf 91' lang='lat' dir='ltr'><strong>in</strong></span> <span class='ocrx_word' id='word_1_290' title='bbox 1007 4046 1182 4113; x_wconf 89' lang='lat' dir='ltr'><strong>clero</strong></span> <span class='ocrx_word' id='word_1_291' title='bbox 1223 4047 1305 4113; x_wconf 88' lang='lat' dir='ltr'><strong>ad</strong></span> <span class='ocrx_word' id='word_1_292' title='bbox 1349 4068 1512 4134; x_wconf 87' lang='lat' dir='ltr'><strong>opus</strong></span> <span class='ocrx_word' id='word_1_293' title='bbox 1549 4048 1718 4130; x_wconf 87' lang='lat' dir='ltr'><strong>Dei,</strong></span> <span class='ocrx_word' id='word_1_294' title='bbox 1762 4047 1871 4113; x_wconf 89' lang='lat' dir='ltr'><strong>vel</strong></span> <span class='ocrx_word' id='word_1_295' title='bbox 1912 4047 1994 4112; x_wconf 88' lang='lat' dir='ltr'><strong>ad</strong></span> <span class='ocrx_word' id='word_1_296' title='bbox 2039 4066 2327 4111; x_wconf 87' lang='lat' dir='ltr'><strong>mensam</strong></span> <span class='ocrx_word' id='word_1_297' title='bbox 2374 4044 2558 4110; x_wconf 87' lang='lat' dir='ltr'><strong>tarde</strong></span> <span class='ocrx_word' id='word_1_298' title='bbox 2604 4068 2822 4111; x_wconf 89' lang='lat' dir='ltr'><strong>occur·</strong></span> <span class='ocrx_word' id='word_1_299' title='bbox 2941 4104 2942 4141; x_wconf 21' lang='grc' dir='ltr'><strong>ἐ</strong></span> 
     </span>
    </p>
   </div>
   <div class='ocr_carea' id='block_1_9' title="bbox 423 4144 2827 4335">
    <p class='ocr_par' dir='ltr' id='par_1_10' title="bbox 423 4144 2827 4335">
     <span class='ocr_line' id='line_1_36' title="bbox 423 4144 2822 4236; baseline 0 -28"><span class='ocrx_word' id='word_1_300' title='bbox 423 4144 583 4214; x_wconf 79' lang='lat' dir='ltr'><strong>rerit</strong></span> <span class='ocrx_word' id='word_1_301' title='bbox 600 4196 620 4229; x_wconf 91' lang='lat'><em>,</em></span> <span class='ocrx_word' id='word_1_302' title='bbox 683 4157 790 4213; x_wconf 87' lang='lat' dir='ltr'><strong>aut</strong></span> <span class='ocrx_word' id='word_1_303' title='bbox 830 4169 952 4235; x_wconf 92' lang='lat' dir='ltr'><strong>pro</strong></span> <span class='ocrx_word' id='word_1_304' title='bbox 989 4144 1206 4233; x_wconf 83' lang='lat' dir='ltr'><strong>aliqua</strong></span> <span class='ocrx_word' id='word_1_305' title='bbox 1247 4170 1436 4213; x_wconf 87' lang='lat' dir='ltr'><strong>causa</strong></span> <span class='ocrx_word' id='word_1_306' title='bbox 1476 4148 1696 4215; x_wconf 85' lang='lat' dir='ltr'><strong>senior</strong></span> <span class='ocrx_word' id='word_1_307' title='bbox 1756 4171 1907 4229; x_wconf 81' lang='lat' dir='ltr'><strong>suus</strong></span> <span class='ocrx_word' id='word_1_308' title='bbox 1950 4144 2375 4236; x_wconf 85' lang='lat' dir='ltr'><strong>psalmodiam</strong></span> <span class='ocrx_word' id='word_1_309' title='bbox 2436 4144 2545 4209; x_wconf 91' lang='lat' dir='ltr'><strong>vel</strong></span> <span class='ocrx_word' id='word_1_310' title='bbox 2588 4144 2822 4209; x_wconf 90' lang='lat' dir='ltr'><strong>Missas</strong></span> 
     </span>
     <span class='ocr_line' id='line_1_37' title="bbox 423 4242 2827 4335; baseline 0 -27"><span class='ocrx_word' id='word_1_311' title='bbox 423 4254 679 4310; x_wconf 89' lang='lat' dir='ltr'><strong>cantare</strong></span> <span class='ocrx_word' id='word_1_312' title='bbox 741 4246 1179 4329; x_wconf 85' lang='lat' dir='ltr'><strong>ordinaverit,</strong></span> <span class='ocrx_word' id='word_1_313' title='bbox 1247 4256 1314 4310; x_wconf 88' lang='lat' dir='ltr'><strong>et</strong></span> <span class='ocrx_word' id='word_1_314' title='bbox 1371 4248 1497 4313; x_wconf 91' lang='lat' dir='ltr'><strong>hoc</strong></span> <span class='ocrx_word' id='word_1_315' title='bbox 1539 4248 1801 4312; x_wconf 89' lang='lat' dir='ltr'><strong>minime</strong></span> <span class='ocrx_word' id='word_1_316' title='bbox 1855 4246 2263 4335; x_wconf 83' lang='lat' dir='ltr'><strong>impleverit,</strong></span> <span class='ocrx_word' id='word_1_317' title='bbox 2334 4254 2398 4307; x_wconf 88' lang='lat' dir='ltr'><strong>et</strong></span> <span class='ocrx_word' id='word_1_318' title='bbox 2448 4242 2501 4307; x_wconf 91' lang='lat' dir='ltr'><strong>si</strong></span> <span class='ocrx_word' id='word_1_319' title='bbox 2546 4244 2827 4329; x_wconf 85' lang='lat' dir='ltr'><strong>fregerit</strong></span> 
     </span>
    </p>
   </div>
   <div class='ocr_carea' id='block_1_10' title="bbox 428 4409 823 4419">
    <p class='ocr_par' dir='ltr' id='par_1_11' title="bbox 428 4409 823 4419">
     <span class='ocr_line' id='line_1_38' title="bbox 428 4409 823 4419; baseline 0 565"><span class='ocrx_word' id='word_1_320' title='bbox 428 4409 823 4419; x_wconf 95' lang='lat' dir='ltr'><strong> </strong></span> 
     </span>
    </p>
   </div>
   <div class='ocr_carea' id='block_1_11' title="bbox 641 4487 2531 4565">
    <p class='ocr_par' dir='ltr' id='par_1_12' title="bbox 641 4487 2531 4565">
     <span class='ocr_line' id='line_1_39' title="bbox 641 4487 2531 4565; baseline -0.004 -17"><span class='ocrx_word' id='word_1_321' title='bbox 641 4496 694 4564; x_wconf 84' lang='lat'><strong>1)</strong></span> <span class='ocrx_word' id='word_1_322' title='bbox 736 4499 910 4565; x_wconf 70' lang='lat' dir='ltr'><strong>Forte,</strong></span> <span class='ocrx_word' id='word_1_323' title='bbox 955 4496 1138 4553; x_wconf 76' lang='lat' dir='ltr'><strong>alicui.</strong></span> <span class='ocrx_word' id='word_1_324' title='bbox 1373 4494 1428 4561; x_wconf 77' lang='lat'><strong>2)</strong></span> <span class='ocrx_word' id='word_1_325' title='bbox 1466 4495 1543 4548; x_wconf 80' lang='lat' dir='ltr'><strong>al.</strong></span> <span class='ocrx_word' id='word_1_326' title='bbox 1577 4492 1665 4549; x_wconf 72' lang='lat' dir='ltr'><strong>bis</strong></span> <span class='ocrx_word' id='word_1_327' title='bbox 1702 4498 1763 4548; x_wconf 74' lang='lat' dir='ltr'><strong>et.</strong></span> <span class='ocrx_word' id='word_1_328' title='bbox 1794 4496 1899 4549; x_wconf 68' lang='lat' dir='ltr'><strong>ter.</strong></span> <span class='ocrx_word' id='word_1_329' title='bbox 2126 4492 2183 4561; x_wconf 87' lang='lat'><strong>3)</strong></span> <span class='ocrx_word' id='word_1_330' title='bbox 2220 4494 2294 4547; x_wconf 76' lang='lat' dir='ltr'><strong>al.</strong></span> <span class='ocrx_word' id='word_1_331' title='bbox 2334 4487 2531 4557; x_wconf 80' lang='lat' dir='ltr'><strong>culpis.</strong></span> 
     </span>
    </p>
   </div>
  </div>
 </body>
</html>
