2959 4984
413 275 521 332 128
589 277 785 329 xxm.
858 261 1371 330 nncnma‘rton
1406 275 1514 330 Du
1551 262 1836 332 canaan
1879 277 1976 330 nn
2010 279 2294 334 namon
2333 283 2432 334 AN
2467 279 2626 334 1682.

416 445 525 511 odi
572 428 1083 511 Constaiifiensis
1126 466 1163 508 a
1206 441 1386 510 Sede
1445 442 1798 532 apostolica
1839 447 2252 533 comprobata
2275 495 2295 530 ,
2363 446 2640 534 ipsoque
2681 449 2805 516 Ro-

410 567 747 610 manorum
788 543 1178 608 Pontificum
1220 567 1295 608 ac
1340 543 1537 608 totius
1580 542 1910 609 Ecclesiae
1962 566 2086 609 usu
2127 545 2500 612 confirmata
2525 597 2545 631 ,
2616 558 2806 634 atque

411 648 492 712 ab
544 645 815 711 ecclesia
856 643 1225 726 Gallicana,
1286 652 1604 731 perpetua
1666 643 1988 730 religione
2049 645 2366 710 custodita
2417 648 2682 714 decreta
2723 650 2804 714 de

410 747 785 811 auctoritate
844 743 1283 810 Conciliorum
1359 743 1766 828 generalium
1793 793 1812 826 ,
1884 765 2046 829 quae
2105 746 2396 811 sessione
2462 759 2690 833 quarta
2745 760 2808 814 et

408 845 628 931 quinta
670 845 1115 927 continentur3
1159 866 1281 908 nec
1321 842 1581 932 probari
1626 868 1664 908 a
1694 843 2030 910 Gallicana
2057 843 2368 930 Ecclesia,
2415 850 2526 934 qui
2573 871 2796 916 eorum

410 946 853 1030 decretorum,
923 945 1103 1030 quasi
1150 942 1381 1010 dubiae
1447 942 1576 1007 sint
1616 945 2010 1009 auctoritatis
2055 961 2129 1011 ac
2169 947 2380 1012 minus
2427 953 2798 1038 approbata,

405 1049 605 1114 robur
650 1045 1045 1132 infringant,
1104 1054 1214 1110 aut
1254 1044 1337 1109 ad
1378 1044 1589 1108 solum
1636 1045 1995 1110 schismatis
2036 1055 2289 1136 tempus
2305 1097 2326 1131 ,
2391 1047 2674 1116 Concih'i
2719 1052 2805 1116 di-

407 1155 507 1213 cta
548 1147 993 1232 detorqueant.

567 1265 690 1330 IH.
789 1263 960 1330 Hinc
1023 1262 1441 1351 Apostolicae
1509 1264 1846 1350 potestatis
1911 1288 2099 1330 usum
2163 1265 2638 1331 moderandum
2687 1290 2808 1356 per

412 1364 712 1431 Oenones
758 1362 1010 1453 Spiritu
1051 1361 1213 1429 DEI
1255 1361 1548 1427 conditos
1613 1373 1679 1428 et
1743 1364 1938 1429 totius
1983 1365 2207 1430 mundi
2246 1366 2616 1431 reverentia
2662 1390 2806 1432 con-

406 1475 732 1530 secratos:
794 1464 1013 1528 valere
1060 1463 1250 1527 etiam
1307 1463 1608 1549 regulaS‚
1675 1486 1890 1530 mores
1953 1473 2017 1530 et
2055 1465 2343 1530 instituta
2399 1490 2438 1529 a
2480 1488 2693 1554 regno
2741 1477 2807 1532 et

405 1564 677 1629 ecclesia
730 1561 1065 1630 Gallicana
1098 1571 1395 1650 recepta,
1458 1561 1853 1649 Patrumque
1909 1565 2218 1629 terminos
2275 1587 2542 1630 manere
2585 1567 2806 1632 incon-

352 1706 365 1722 .
410 1687 666 1747 cussos;
728 1671 921 1748 atque
977 1662 1046 1727 id
1089 1663 1417 1750 pertinere
1474 1662 1558 1728 ad
1603 1662 2096 1751 amplitudinem
2149 1665 2542 1752 apostolicae
2588 1665 2803 1752 Sedis,

402 1774 475 1830 ut
518 1772 750 1830 statuta
802 1772 866 1828 et
907 1762 1401 1828 consuetudines
1446 1771 1660 1828 tantae
1709 1760 1900 1828 Sedis
1961 1773 2027 1828 et
2069 1764 2486 1831 ecclesiarum
2533 1790 2804 1834 consen-

404 1866 585 1931 sione
630 1864 939 1946 firmatae,
986 1864 1315 1950 propriam
1360 1862 1772 1928 stabilitatem
1817 1865 2171 1929 obtineant.

562 1981 683 2047 IV.
767 1979 847 2044 In
892 1979 1045 2044 fidei
1090 2001 1347 2064 quoque
1396 1981 1875 2064 quaestionibus
1919 1982 2296 2070 praecipuas
2337 1981 2596 2050 Summi
2638 1985 2808 2052 Pon-

403 2082 591 2146 tificis
633 2102 775 2149 esse
818 2073 1077 2168 parteS,
1143 2079 1411 2166 eiusque
1455 2079 1720 2146 decreta
1761 2081 1842 2147 ad
1885 2104 2107 2147 omnes
2151 2093 2216 2148 et
2255 2082 2552 2170 singulas
2599 2091 2807 2155 eccle-

398 2183 523 2248 sias
566 2181 918 2272 pertinere,
961 2203 1085 2246 nec
1125 2191 1340 2245 tamen
1385 2180 1854 2247 irreformabile
1903 2203 2046 2247 esse
2089 2182 2438 2269 iudicium,
2503 2188 2633 2254 nisi
2680 2188 2802 2254 Ec-

398 2283 631 2348 clesiae
677 2302 1027 2346 consensus
1068 2280 1434 2346 accesserit.

399 2468 657 2534 XXIII.
711 2465 1267 2555 Declaratioan
1323 2463 1424 2527 du
1482 2463 1776 2548 clerge
1841 2462 1943 2528 de
1985 2461 2307 2530 France
2351 2417 2496 2533 sur
2538 2470 2670 2535 les
2714 2471 2810 2535 li-

398 2572 687 2637 bertes
734 2577 813 2634 et
848 2565 1330 2630 franchises
1371 2563 1466 2627 de
1513 2562 1855 2648 l’eglise
1902 2563 2352 2631 Gallicane
2401 2591 2500 2632 an
2542 2570 2810 2658 1682*).

565 2703 899 2769 Plusieurs
961 2721 1315 2788 personnes
1382 2700 1754 2764 s’efforcent
1813 2699 1893 2764 de
1955 2697 2180 2764 ruiner
2238 2700 2336 2765 les
2398 2700 2659 2770 decrets
2727 2707 2810 2772 de

396 2781 668 2888 l’lflglise
716 2801 1068 2888 gallicane,
1132 2809 1197 2864 et
1242 2821 1345 2864 ses
1385 2801 1692 2881 libertss,
1762 2820 1888 2884 que
1933 2820 2052 2863 nos
2097 2801 2390 2866 ancetres
2433 2812 2549 2866 ont
2592 2815 2808 2870 scute-

404 2923 567 2966 nues
613 2923 771 2966 avec
813 2910 950 2965 tant
993 2901 1075 2964 de
1118 2900 1297 2983 zele,
1346 2910 1411 2964 et
1462 2899 1544 2964 de
1591 2921 1937 2965 renverser
1979 2899 2154 2964 leurs
2201 2899 2656 2987 fondements,
2703 2907 2812 2992 qui

405 3011 554 3066 sont
594 3005 887 3090 appuyes
932 3024 1043 3066 sur
1081 3001 1176 3066 les
1223 2999 1417 3065 saints
1463 3022 1700 3065 canons
1748 3008 1813 3064 et
1849 3022 1960 3063 sur
1992 2999 2055 3063 la
2088 2999 2396 3067 tradition
2425 3000 2543 3068 des
2573 3003 2807 3088 Peres3

400 3101 719 3184 d'autreS,
792 3123 943 3166 sous
1001 3103 1302 3189 pretexte
1359 3099 1441 3164 de
1497 3100 1594 3164 les
1651 3099 2001 3181 defendre,
2071 3099 2298 3176 ont‚,la
2337 3101 2681 3170 hardiesse
2729 3107 2809 3171 de

402 3201 654 3265 donner
716 3201 979 3266 atteinte
1040 3206 1077 3265 a
1132 3202 1194 3265 la
1253 3199 1573 3288 primaute
1641 3197 1724 3262 de
1772 3199 1938 3264 saint
1979 3199 2207 3264 Pierre
2253 3210 2319 3264 et
2362 3201 2477 3267 des
2520 3207 2809 3292 pontifes

400 3300 683 3375 romains
727 3323 831 3366 ses
877 3323 1283 3366 successeurs
1306 3349 1325 3382 ,
1366 3299 1666 3364 institues
1708 3323 1827 3387 par
1869 3298 2340 3384 Jesus-Ghrist,
2389 3301 2811 3392 d’empecher

404 3399 601 3486 qu’on
658 3423 741 3466 ne
797 3402 943 3466 leur
1000 3399 1205 3466 rende
1243 3399 1668 3465 l’obeissance
1711 3421 1838 3484 que
1882 3407 2025 3463 tout
2065 3400 2129 3463 le
2173 3401 2410 3465 monde
2450 3403 2598 3468 leur
2651 3407 2805 3489 doit,

402 3511 468 3566 et
531 3501 613 3564 de
664 3501 985 3567 diminuer
1024 3501 1089 3565 la
1130 3500 1396 3585 majeste
1442 3499 1530 3564 du
1574 3499 1739 3563 saint
1779 3497 1984 3584 Siege
2029 3500 2433 3586 apostolique
2457 3551 2476 3585 ,
2546 3505 2658 3588 qui
2712 3514 2809 3569 est

400 3604 807 3690 respectable
872 3607 909 3666 a
971 3611 1182 3668 tontes
1237 3603 1334 3666 les
1396 3602 1646 3668 nations
1714 3607 1796 3668 ou
1840 3603 1976 3666 l’on
2021 3603 2333 3689 enseigne
2381 3604 2448 3666 la
2489 3605 2670 3668 vraie
2719 3605 2806 3669 foi

406 3703 489 3768 de
526 3682 799 3790 l’Eglise
842 3713 907 3768 et
951 3704 1061 3789 qui
1103 3713 1487 3769 conservent
1528 3726 1646 3768 son
1685 3703 1887 3768 unite.
1934 3702 2062 3768 Les
2099 3703 2496 3788 heretiqueS‚
2547 3703 2632 3768 de
2661 3705 2806 3770 leur

282 3861 286 3864 .
404 3807 570 3887 cote,
618 3813 892 3869 mettent
934 3813 1075 3868 tout
1106 3827 1189 3870 en
1220 3825 1460 3869 oeuvre
1489 3826 1658 3891 pour
1699 3803 1860 3868 faire
1905 3807 2188 3890 paraitre
2233 3811 2402 3867 cette
2438 3804 2805 3892 puissance,

403 3903 511 3990 qui
558 3905 889 3969 maintient
931 3906 991 3970 la
1039 3905 1193 3992 paix
1238 3906 1320 3970 de
1362 3883 1656 3991 l'Eglise,
1699 3903 2187 3992 insupportable
2229 3927 2359 3968 aux
2396 3904 2530 3970 rois
2579 3914 2646 3970 et
2674 3929 2805 3972 aux

398 4005 714 4092 peupleS,
783 4015 848 4068 et
907 4006 989 4070 ils
1054 4028 1123 4070 se
1194 4016 1455 4071 servent
1517 4006 1600 4070 de
1649 4015 1750 4070 cet
1793 4004 2038 4069 artifice
2081 4005 2212 4069 afin
2260 4004 2341 4069 de
2389 4007 2660 4093 separer
2708 4007 2804 4070 les

401 4109 575 4170 ames
641 4105 904 4193 simples
950 4105 1031 4170 de
1074 4107 1137 4170 la
1184 4107 1596 4171 communion
1642 4105 1724 4170 de
1772 4083 2064 4190 l’k'lglise.
2151 4105 2442 4169 Voulant
2488 4105 2659 4172 donc
2701 4128 2800 4172 re-

399 4203 651 4269 medier
694 4211 731 4268 a
774 4227 881 4270 ces
925 4207 1450 4290 inconveniente,
1513 4228 1676 4271 nous
1687 4255 1708 4289 ,
1769 4204 2210 4291 archeveques
2254 4213 2319 4268 et
2353 4206 2658 4290 &veques
2705 4231 2800 4271 as-

604 4464 655 4532 *)
690 4463 907 4531 Repeto
942 4460 1245 4515 editionem
1274 4459 1425 4529 apud
1459 4458 1664 4513 Pradie
1699 4457 1970 4525 Question
2009 4457 2306 4527 religieuse
2343 4475 2398 4527 p.
2440 4457 2563 4513 389.
