<?xml version="1.0" encoding="UTF-8"?>
<!DOCTYPE html PUBLIC "-//W3C//DTD XHTML 1.0 Transitional//EN"
    "http://www.w3.org/TR/xhtml1/DTD/xhtml1-transitional.dtd">
<html xmlns="http://www.w3.org/1999/xhtml" xml:lang="en" lang="en">
 <head>
  <title>
</title>
<meta http-equiv="Content-Type" content="text/html;charset=utf-8" />
  <meta name='ocr-system' content='tesseract 3.04.00' />
  <meta name='ocr-capabilities' content='ocr_page ocr_carea ocr_par ocr_line ocrx_word'/>
</head>
<body>
  <div class='ocr_page' id='page_1' title='image "./fontesiuriseccl00waltgoog_0075.png"; bbox 0 0 2959 4984; ppageno 0'>
   <div class='ocr_carea' id='block_1_1' title="bbox 925 295 2523 367">
    <p class='ocr_par' dir='ltr' id='par_1_1' title="bbox 925 295 2523 367">
     <span class='ocr_line' id='line_1_1' title="bbox 925 295 2523 367; baseline 0.014 -22"><span class='ocrx_word' id='word_1_1' title='bbox 925 295 1200 348; x_wconf 75' lang='lat' dir='ltr'><strong>KAROLI</strong></span> <span class='ocrx_word' id='word_1_2' title='bbox 1241 300 1476 352; x_wconf 68' lang='lat' dir='ltr'>MAGNI</span> <span class='ocrx_word' id='word_1_3' title='bbox 1513 305 1575 352; x_wconf 82' lang='lat' dir='ltr'>A.</span> <span class='ocrx_word' id='word_1_4' title='bbox 1614 299 1735 358; x_wconf 86' lang='grc'><strong>789.</strong></span> <span class='ocrx_word' id='word_1_5' title='bbox 2454 313 2523 367; x_wconf 75' lang='lat'>56</span> 
     </span>
    </p>
   </div>
   <div class='ocr_carea' id='block_1_2' title="bbox 315 457 2521 617">
    <p class='ocr_par' dir='ltr' id='par_1_2' title="bbox 315 457 2521 617">
     <span class='ocr_line' id='line_1_2' title="bbox 315 457 2521 546; baseline 0.01 -37"><span class='ocrx_word' id='word_1_6' title='bbox 315 457 574 524; x_wconf 86' lang='lat' dir='ltr'>lacteria,</span> <span class='ocrx_word' id='word_1_7' title='bbox 637 475 780 528; x_wconf 86' lang='lat' dir='ltr'>quae</span> <span class='ocrx_word' id='word_1_8' title='bbox 816 463 946 514; x_wconf 85' lang='lat' dir='ltr'>sunt</span> <span class='ocrx_word' id='word_1_9' title='bbox 981 477 1182 532; x_wconf 82' lang='lat' dir='ltr'>magna</span> <span class='ocrx_word' id='word_1_10' title='bbox 1223 463 1599 534; x_wconf 79' lang='lat' dir='ltr'>obligamenta</span> <span class='ocrx_word' id='word_1_11' title='bbox 1639 468 1961 524; x_wconf 85' lang='lat' dir='ltr'>animarum.</span> <span class='ocrx_word' id='word_1_12' title='bbox 2032 471 2149 526; x_wconf 87' lang='lat' dir='ltr'>Hos</span> <span class='ocrx_word' id='word_1_13' title='bbox 2188 485 2391 546; x_wconf 85' lang='lat' dir='ltr'>autem,</span> <span class='ocrx_word' id='word_1_14' title='bbox 2428 478 2521 546; x_wconf 88' lang='lat' dir='ltr'>qui</span> 
     </span>
     <span class='ocr_line' id='line_1_3' title="bbox 315 544 1971 617; baseline 0.008 -20"><span class='ocrx_word' id='word_1_15' title='bbox 315 544 520 598; x_wconf 87' lang='lat' dir='ltr'>talibus</span> <span class='ocrx_word' id='word_1_16' title='bbox 559 545 728 598; x_wconf 84' lang='lat' dir='ltr'>rebus</span> <span class='ocrx_word' id='word_1_17' title='bbox 763 549 1018 614; x_wconf 89' lang='lat' dir='ltr'>utuntur,</span> <span class='ocrx_word' id='word_1_18' title='bbox 1055 548 1258 617; x_wconf 89' lang='lat' dir='ltr'>proiici</span> <span class='ocrx_word' id='word_1_19' title='bbox 1293 551 1365 604; x_wconf 86' lang='lat' dir='ltr'>ab</span> <span class='ocrx_word' id='word_1_20' title='bbox 1402 552 1659 608; x_wconf 74' lang='lat' dir='ltr'>Ecclesia</span> <span class='ocrx_word' id='word_1_21' title='bbox 1693 555 1971 610; x_wconf 82' lang='lat' dir='ltr'>iussimus.</span> 
     </span>
    </p>
   </div>
   <div class='ocr_carea' id='block_1_3' title="bbox 1107 717 1525 777">
    <p class='ocr_par' dir='ltr' id='par_1_3' title="bbox 1107 717 1525 777">
     <span class='ocr_line' id='line_1_4' title="bbox 1107 717 1525 777; baseline 0.014 -6"><span class='ocrx_word' id='word_1_22' title='bbox 1107 717 1525 777; x_wconf 87' lang='lat' dir='ltr'><strong>OMNIBUS.</strong></span> 
     </span>
    </p>
   </div>
   <div class='ocr_carea' id='block_1_4' title="bbox 128 835 2521 1035">
    <p class='ocr_par' dir='ltr' id='par_1_4' title="bbox 128 835 2521 1035">
     <span class='ocr_line' id='line_1_5' title="bbox 288 835 2521 937; baseline 0.008 -35"><span class='ocrx_word' id='word_1_23' title='bbox 288 835 479 902; x_wconf 87' lang='lat' dir='ltr'>XIX.</span> <span class='ocrx_word' id='word_1_24' title='bbox 566 836 738 900; x_wconf 83' lang='lat' dir='ltr'><strong>Item</strong></span> <span class='ocrx_word' id='word_1_25' title='bbox 802 837 873 901; x_wconf 91' lang='lat' dir='ltr'>in</span> <span class='ocrx_word' id='word_1_26' title='bbox 941 837 1173 902; x_wconf 86' lang='lat' dir='ltr'>eodem</span> <span class='ocrx_word' id='word_1_27' title='bbox 1233 841 1540 926; x_wconf 82' lang='lat' dir='ltr'>conciliO,</span> <span class='ocrx_word' id='word_1_28' title='bbox 1607 867 1860 911; x_wconf 83' lang='lat' dir='ltr'><strong>necnon</strong></span> <span class='ocrx_word' id='word_1_29' title='bbox 1903 857 1967 912; x_wconf 89' lang='lat' dir='ltr'>et</span> <span class='ocrx_word' id='word_1_30' title='bbox 2008 849 2076 914; x_wconf 89' lang='lat' dir='ltr'>in</span> <span class='ocrx_word' id='word_1_31' title='bbox 2114 845 2521 937; x_wconf 86' lang='lat' dir='ltr'>Sardicense,</span> 
     </span>
     <span class='ocr_line' id='line_1_6' title="bbox 128 934 2519 1035; baseline 0.009 -38"><span class='ocrx_word' id='word_1_32' title='bbox 128 934 300 1017; x_wconf 84' lang='lat' dir='ltr'>quod</span> <span class='ocrx_word' id='word_1_33' title='bbox 341 958 474 1002; x_wconf 88' lang='lat' dir='ltr'>non</span> <span class='ocrx_word' id='word_1_34' title='bbox 521 946 819 1025; x_wconf 81' lang='lat' dir='ltr'>oporteat</span> <span class='ocrx_word' id='word_1_35' title='bbox 855 938 924 1001; x_wconf 88' lang='lat' dir='ltr'>in</span> <span class='ocrx_word' id='word_1_36' title='bbox 965 939 1209 1004; x_wconf 84' lang='lat' dir='ltr'>villolis</span> <span class='ocrx_word' id='word_1_37' title='bbox 1252 941 1360 1005; x_wconf 84' lang='lat' dir='ltr'>vel</span> <span class='ocrx_word' id='word_1_38' title='bbox 1400 943 1467 1006; x_wconf 89' lang='lat' dir='ltr'>in</span> <span class='ocrx_word' id='word_1_39' title='bbox 1509 945 1683 1030; x_wconf 83' lang='lat' dir='ltr'>agris</span> <span class='ocrx_word' id='word_1_40' title='bbox 1728 947 2067 1035; x_wconf 89' lang='lat' dir='ltr'>episcopos</span> <span class='ocrx_word' id='word_1_41' title='bbox 2111 953 2519 1021; x_wconf 87' lang='lat' dir='ltr'>constituere.</span> 
     </span>
    </p>
   </div>
   <div class='ocr_carea' id='block_1_5' title="bbox 306 1054 2520 1914">
    <p class='ocr_par' dir='ltr' id='par_1_5' title="bbox 306 1054 2520 1914">
     <span class='ocr_line' id='line_1_7' title="bbox 390 1054 2519 1140; baseline 0.008 -32"><span class='ocrx_word' id='word_1_42' title='bbox 390 1054 562 1110; x_wconf 89' lang='lat' dir='ltr'>Conc.</span> <span class='ocrx_word' id='word_1_43' title='bbox 603 1055 813 1111; x_wconf 86' lang='lat' dir='ltr'>Sardic.</span> <span class='ocrx_word' id='word_1_44' title='bbox 853 1073 971 1112; x_wconf 88' lang='lat' dir='ltr'>can.</span> <span class='ocrx_word' id='word_1_45' title='bbox 1020 1059 1068 1112; x_wconf 82' lang='lat'>(3.</span> <span class='ocrx_word' id='word_1_46' title='bbox 1129 1057 1182 1112; x_wconf 89' lang='lat' dir='ltr'>N</span> <span class='ocrx_word' id='word_1_47' title='bbox 1185 1076 1256 1112; x_wconf 89' lang='lat' dir='ltr'>on</span> <span class='ocrx_word' id='word_1_48' title='bbox 1292 1066 1517 1130; x_wconf 75' lang='lat' dir='ltr'>oportet</span> <span class='ocrx_word' id='word_1_49' title='bbox 1550 1063 1609 1117; x_wconf 90' lang='lat' dir='ltr'>in</span> <span class='ocrx_word' id='word_1_50' title='bbox 1644 1065 1782 1118; x_wconf 83' lang='lat' dir='ltr'>vicis</span> <span class='ocrx_word' id='word_1_51' title='bbox 1818 1069 1875 1120; x_wconf 88' lang='lat' dir='ltr'>et</span> <span class='ocrx_word' id='word_1_52' title='bbox 1910 1066 1967 1119; x_wconf 89' lang='lat' dir='ltr'>in</span> <span class='ocrx_word' id='word_1_53' title='bbox 2001 1067 2145 1122; x_wconf 87' lang='lat' dir='ltr'>villis</span> <span class='ocrx_word' id='word_1_54' title='bbox 2179 1068 2519 1140; x_wconf 83' lang='lat' dir='ltr'>Episcopum</span> 
     </span>
     <span class='ocr_line' id='line_1_8' title="bbox 310 1142 2519 1224; baseline 0.008 -29"><span class='ocrx_word' id='word_1_55' title='bbox 310 1142 581 1209; x_wconf 86' lang='lat' dir='ltr'>ordinari,</span> <span class='ocrx_word' id='word_1_56' title='bbox 619 1144 719 1196; x_wconf 86' lang='lat' dir='ltr'>sed</span> <span class='ocrx_word' id='word_1_57' title='bbox 755 1161 850 1198; x_wconf 90' lang='lat' dir='ltr'>eos</span> <span class='ocrx_word' id='word_1_58' title='bbox 890 1145 986 1214; x_wconf 90' lang='lat' dir='ltr'>qui</span> <span class='ocrx_word' id='word_1_59' title='bbox 1024 1146 1367 1202; x_wconf 76' lang='lat' dir='ltr'><strong>circumeant</strong></span> <span class='ocrx_word' id='word_1_60' title='bbox 1403 1151 1687 1206; x_wconf 85' lang='lat' dir='ltr'>constitui.</span> <span class='ocrx_word' id='word_1_61' title='bbox 1750 1152 1867 1206; x_wconf 91' lang='lat' dir='ltr'>Hos</span> <span class='ocrx_word' id='word_1_62' title='bbox 1904 1157 2088 1207; x_wconf 85' lang='lat' dir='ltr'>autem</span> <span class='ocrx_word' id='word_1_63' title='bbox 2126 1156 2223 1224; x_wconf 84' lang='lat' dir='ltr'>qui</span> <span class='ocrx_word' id='word_1_64' title='bbox 2266 1158 2397 1212; x_wconf 88' lang='lat' dir='ltr'>hinc</span> <span class='ocrx_word' id='word_1_65' title='bbox 2432 1176 2519 1214; x_wconf 90' lang='lat' dir='ltr'>or-</span> 
     </span>
     <span class='ocr_line' id='line_1_9' title="bbox 315 1230 2520 1310; baseline 0.009 -27"><span class='ocrx_word' id='word_1_66' title='bbox 315 1230 496 1285; x_wconf 87' lang='lat' dir='ltr'>dinati</span> <span class='ocrx_word' id='word_1_67' title='bbox 535 1235 684 1297; x_wconf 90' lang='lat' dir='ltr'>sunt,</span> <span class='ocrx_word' id='word_1_68' title='bbox 724 1231 863 1285; x_wconf 88' lang='lat' dir='ltr'>nihil</span> <span class='ocrx_word' id='word_1_69' title='bbox 904 1249 1070 1302; x_wconf 88' lang='lat' dir='ltr'>agere</span> <span class='ocrx_word' id='word_1_70' title='bbox 1105 1234 1221 1287; x_wconf 90' lang='lat' dir='ltr'>sine</span> <span class='ocrx_word' id='word_1_71' title='bbox 1258 1237 1599 1291; x_wconf 88' lang='lat' dir='ltr'>conscientia</span> <span class='ocrx_word' id='word_1_72' title='bbox 1634 1239 1903 1310; x_wconf 78' lang='lat' dir='ltr'>Episcopi</span> <span class='ocrx_word' id='word_1_73' title='bbox 1943 1242 2202 1298; x_wconf 87' lang='lat' dir='ltr'>civitatis.</span> <span class='ocrx_word' id='word_1_74' title='bbox 2254 1243 2520 1302; x_wconf 72' lang='lat' dir='ltr'><strong>Similiter</strong></span> 
     </span>
     <span class='ocr_line' id='line_1_10' title="bbox 312 1318 2517 1402; baseline 0.007 -30"><span class='ocrx_word' id='word_1_75' title='bbox 312 1318 483 1372; x_wconf 89' lang='lat' dir='ltr'>etiam</span> <span class='ocrx_word' id='word_1_76' title='bbox 523 1318 824 1386; x_wconf 76' lang='lat' dir='ltr'>Presbyter</span> <span class='ocrx_word' id='word_1_77' title='bbox 876 1319 1016 1372; x_wconf 86' lang='lat' dir='ltr'><strong>nihil</strong></span> <span class='ocrx_word' id='word_1_78' title='bbox 1059 1320 1177 1374; x_wconf 88' lang='lat' dir='ltr'>sine</span> <span class='ocrx_word' id='word_1_79' title='bbox 1226 1329 1529 1393; x_wconf 88' lang='lat' dir='ltr'>praecepto</span> <span class='ocrx_word' id='word_1_80' title='bbox 1563 1325 1832 1396; x_wconf 82' lang='lat' dir='ltr'>Episcopi</span> <span class='ocrx_word' id='word_1_81' title='bbox 1876 1332 1934 1382; x_wconf 88' lang='lat' dir='ltr'>et</span> <span class='ocrx_word' id='word_1_82' title='bbox 1975 1330 2205 1384; x_wconf 87' lang='lat' dir='ltr'>consilio</span> <span class='ocrx_word' id='word_1_83' title='bbox 2240 1335 2386 1402; x_wconf 80' lang='lat' dir='ltr'>agat.</span> <span class='ocrx_word' id='word_1_84' title='bbox 2459 1334 2517 1388; x_wconf 90' lang='lat' dir='ltr'>Si</span> 
     </span>
     <span class='ocr_line' id='line_1_11' title="bbox 314 1405 2513 1482; baseline 0.007 -24"><span class='ocrx_word' id='word_1_85' title='bbox 314 1405 465 1458; x_wconf 86' lang='lat' dir='ltr'>enim</span> <span class='ocrx_word' id='word_1_86' title='bbox 505 1405 691 1458; x_wconf 89' lang='lat' dir='ltr'>subito</span> <span class='ocrx_word' id='word_1_87' title='bbox 729 1409 826 1458; x_wconf 85' lang='lat' dir='ltr'>aut</span> <span class='ocrx_word' id='word_1_88' title='bbox 861 1405 1012 1460; x_wconf 88' lang='lat' dir='ltr'>vicus</span> <span class='ocrx_word' id='word_1_89' title='bbox 1047 1406 1245 1476; x_wconf 87' lang='lat' dir='ltr'>aliquis</span> <span class='ocrx_word' id='word_1_90' title='bbox 1281 1413 1377 1462; x_wconf 88' lang='lat' dir='ltr'>aut</span> <span class='ocrx_word' id='word_1_91' title='bbox 1409 1411 1632 1466; x_wconf 88' lang='lat' dir='ltr'>modica</span> <span class='ocrx_word' id='word_1_92' title='bbox 1671 1412 1894 1482; x_wconf 84' lang='lat' dir='ltr'>civitas,</span> <span class='ocrx_word' id='word_1_93' title='bbox 1942 1415 2033 1468; x_wconf 90' lang='lat' dir='ltr'>cui</span> <span class='ocrx_word' id='word_1_94' title='bbox 2071 1416 2209 1470; x_wconf 89' lang='lat' dir='ltr'>satis</span> <span class='ocrx_word' id='word_1_95' title='bbox 2249 1422 2335 1470; x_wconf 90' lang='lat' dir='ltr'>est</span> <span class='ocrx_word' id='word_1_96' title='bbox 2370 1435 2513 1473; x_wconf 87' lang='lat' dir='ltr'>unus</span> 
     </span>
     <span class='ocr_line' id='line_1_12' title="bbox 309 1483 2513 1574; baseline 0.006 -30"><span class='ocrx_word' id='word_1_97' title='bbox 309 1492 628 1560; x_wconf 79' lang='lat' dir='ltr'>Presbyter,</span> <span class='ocrx_word' id='word_1_98' title='bbox 665 1492 905 1545; x_wconf 85' lang='lat' dir='ltr'>voluerit</span> <span class='ocrx_word' id='word_1_99' title='bbox 941 1493 1050 1547; x_wconf 89' lang='lat' dir='ltr'>sibi</span> <span class='ocrx_word' id='word_1_100' title='bbox 1083 1483 1426 1565; x_wconf 81' lang='lat' dir='ltr'>Episcopum</span> <span class='ocrx_word' id='word_1_101' title='bbox 1463 1498 1727 1566; x_wconf 87' lang='lat' dir='ltr'>ordinari,</span> <span class='ocrx_word' id='word_1_102' title='bbox 1765 1503 1829 1553; x_wconf 87' lang='lat' dir='ltr'>ut</span> <span class='ocrx_word' id='word_1_103' title='bbox 1870 1501 2103 1556; x_wconf 81' lang='lat' dir='ltr'>vilescat</span> <span class='ocrx_word' id='word_1_104' title='bbox 2136 1519 2339 1558; x_wconf 89' lang='lat' dir='ltr'>nomen</span> <span class='ocrx_word' id='word_1_105' title='bbox 2374 1503 2513 1574; x_wconf 86' lang='lat' dir='ltr'>Epi-</span> 
     </span>
     <span class='ocr_line' id='line_1_13' title="bbox 314 1578 2511 1656; baseline 0.007 -25"><span class='ocrx_word' id='word_1_106' title='bbox 314 1578 472 1648; x_wconf 85' lang='lat' dir='ltr'>scopi</span> <span class='ocrx_word' id='word_1_107' title='bbox 509 1582 567 1631; x_wconf 90' lang='lat' dir='ltr'>et</span> <span class='ocrx_word' id='word_1_108' title='bbox 604 1578 940 1646; x_wconf 83' lang='lat' dir='ltr'>auctoritas,</span> <span class='ocrx_word' id='word_1_109' title='bbox 977 1597 1092 1634; x_wconf 88' lang='lat' dir='ltr'>non</span> <span class='ocrx_word' id='word_1_110' title='bbox 1133 1582 1343 1636; x_wconf 89' lang='lat' dir='ltr'>debent</span> <span class='ocrx_word' id='word_1_111' title='bbox 1378 1583 1462 1636; x_wconf 89' lang='lat' dir='ltr'>illi</span> <span class='ocrx_word' id='word_1_112' title='bbox 1500 1602 1569 1638; x_wconf 86' lang='lat' dir='ltr'>ex</span> <span class='ocrx_word' id='word_1_113' title='bbox 1604 1586 1714 1640; x_wconf 87' lang='lat' dir='ltr'>alia</span> <span class='ocrx_word' id='word_1_114' title='bbox 1752 1587 2041 1656; x_wconf 86' lang='lat' dir='ltr'>provincia</span> <span class='ocrx_word' id='word_1_115' title='bbox 2072 1589 2297 1644; x_wconf 86' lang='lat' dir='ltr'>invitati</span> <span class='ocrx_word' id='word_1_116' title='bbox 2326 1590 2511 1646; x_wconf 86' lang='lat' dir='ltr'>facere</span> 
     </span>
     <span class='ocr_line' id='line_1_14' title="bbox 309 1666 2515 1745; baseline 0.006 -26"><span class='ocrx_word' id='word_1_117' title='bbox 309 1666 670 1736; x_wconf 88' lang='lat' dir='ltr'>Episcopum,</span> <span class='ocrx_word' id='word_1_118' title='bbox 711 1666 821 1720; x_wconf 89' lang='lat' dir='ltr'>nisi</span> <span class='ocrx_word' id='word_1_119' title='bbox 857 1671 954 1721; x_wconf 86' lang='lat' dir='ltr'>aut</span> <span class='ocrx_word' id='word_1_120' title='bbox 985 1667 1046 1720; x_wconf 92' lang='lat' dir='ltr'>in</span> <span class='ocrx_word' id='word_1_121' title='bbox 1081 1668 1167 1722; x_wconf 87' lang='lat' dir='ltr'>his</span> <span class='ocrx_word' id='word_1_122' title='bbox 1205 1669 1528 1725; x_wconf 87' lang='lat' dir='ltr'>civitatibus</span> <span class='ocrx_word' id='word_1_123' title='bbox 1564 1690 1703 1741; x_wconf 87' lang='lat' dir='ltr'>quae</span> <span class='ocrx_word' id='word_1_124' title='bbox 1735 1673 2045 1744; x_wconf 89' lang='lat' dir='ltr'>Episcopos</span> <span class='ocrx_word' id='word_1_125' title='bbox 2067 1675 2378 1745; x_wconf 72' lang='lat' dir='ltr'>habuerint,</span> <span class='ocrx_word' id='word_1_126' title='bbox 2416 1682 2515 1732; x_wconf 83' lang='lat' dir='ltr'>aut</span> 
     </span>
     <span class='ocr_line' id='line_1_15' title="bbox 311 1753 2511 1834; baseline 0.006 -30"><span class='ocrx_word' id='word_1_127' title='bbox 311 1754 360 1806; x_wconf 91' lang='lat' dir='ltr'>si</span> <span class='ocrx_word' id='word_1_128' title='bbox 398 1770 506 1823; x_wconf 89' lang='lat' dir='ltr'>qua</span> <span class='ocrx_word' id='word_1_129' title='bbox 539 1753 668 1806; x_wconf 82' lang='lat' dir='ltr'>talis</span> <span class='ocrx_word' id='word_1_130' title='bbox 705 1756 803 1806; x_wconf 90' lang='lat' dir='ltr'>aut</span> <span class='ocrx_word' id='word_1_131' title='bbox 836 1757 952 1806; x_wconf 85' lang='lat' dir='ltr'>tam</span> <span class='ocrx_word' id='word_1_132' title='bbox 987 1755 1260 1824; x_wconf 88' lang='lat' dir='ltr'>populosa</span> <span class='ocrx_word' id='word_1_133' title='bbox 1295 1761 1382 1810; x_wconf 89' lang='lat' dir='ltr'>est</span> <span class='ocrx_word' id='word_1_134' title='bbox 1425 1775 1567 1826; x_wconf 84' lang='lat' dir='ltr'>quae</span> <span class='ocrx_word' id='word_1_135' title='bbox 1604 1765 1883 1814; x_wconf 88' lang='lat' dir='ltr'>mereatur</span> <span class='ocrx_word' id='word_1_136' title='bbox 1918 1761 2123 1817; x_wconf 91' lang='lat' dir='ltr'>habere</span> <span class='ocrx_word' id='word_1_137' title='bbox 2158 1763 2511 1834; x_wconf 80' lang='lat' dir='ltr'>Episcopum.</span> 
     </span>
     <span class='ocr_line' id='line_1_16' title="bbox 306 1839 1911 1914; baseline 0.004 -20"><span class='ocrx_word' id='word_1_138' title='bbox 306 1839 430 1894; x_wconf 89' lang='lat' dir='ltr'>Hoc</span> <span class='ocrx_word' id='word_1_139' title='bbox 467 1839 722 1895; x_wconf 86' lang='lat' dir='ltr'>omnibus</span> <span class='ocrx_word' id='word_1_140' title='bbox 759 1841 987 1910; x_wconf 77' lang='lat' dir='ltr'>placet?</span> <span class='ocrx_word' id='word_1_141' title='bbox 1057 1841 1308 1910; x_wconf 81' lang='lat' dir='ltr'>Synodus</span> <span class='ocrx_word' id='word_1_142' title='bbox 1346 1846 1665 1914; x_wconf 83' lang='lat' dir='ltr'>respondit:</span> <span class='ocrx_word' id='word_1_143' title='bbox 1704 1846 1911 1902; x_wconf 83' lang='lat' dir='ltr'>Placet.</span> 
     </span>
    </p>
   </div>
   <div class='ocr_carea' id='block_1_6' title="bbox 961 2011 1654 2070">
    <p class='ocr_par' dir='ltr' id='par_1_6' title="bbox 961 2011 1654 2070">
     <span class='ocr_line' id='line_1_17' title="bbox 961 2011 1654 2070; baseline 0.001 -3"><span class='ocrx_word' id='word_1_144' title='bbox 961 2011 1654 2070; x_wconf 83' lang='lat' dir='ltr'>SACERDOTIBUS.</span> 
     </span>
    </p>
   </div>
   <div class='ocr_carea' id='block_1_7' title="bbox 120 2133 2510 2319">
    <p class='ocr_par' dir='ltr' id='par_1_7' title="bbox 120 2133 2510 2319">
     <span class='ocr_line' id='line_1_18' title="bbox 274 2133 2510 2215; baseline -0 -12"><span class='ocrx_word' id='word_1_145' title='bbox 274 2136 431 2204; x_wconf 88' lang='lat' dir='ltr'>XX.</span> <span class='ocrx_word' id='word_1_146' title='bbox 518 2137 689 2201; x_wconf 88' lang='lat' dir='ltr'>Item</span> <span class='ocrx_word' id='word_1_147' title='bbox 731 2135 800 2198; x_wconf 89' lang='lat' dir='ltr'>in</span> <span class='ocrx_word' id='word_1_148' title='bbox 845 2133 1078 2199; x_wconf 83' lang='lat' dir='ltr'>eodem</span> <span class='ocrx_word' id='word_1_149' title='bbox 1121 2134 1426 2215; x_wconf 88' lang='lat' dir='ltr'>concili0,</span> <span class='ocrx_word' id='word_1_150' title='bbox 1491 2144 1565 2200; x_wconf 86' lang='lat' dir='ltr'>ut</span> <span class='ocrx_word' id='word_1_151' title='bbox 1604 2136 1891 2202; x_wconf 83' lang='lat' dir='ltr'>canonici</span> <span class='ocrx_word' id='word_1_152' title='bbox 1932 2138 2081 2204; x_wconf 87' lang='lat' dir='ltr'>libri</span> <span class='ocrx_word' id='word_1_153' title='bbox 2127 2146 2374 2203; x_wconf 84' lang='lat' dir='ltr'>tantum</span> <span class='ocrx_word' id='word_1_154' title='bbox 2417 2139 2510 2203; x_wconf 86' lang='lat' dir='ltr'>le-</span> 
     </span>
     <span class='ocr_line' id='line_1_19' title="bbox 120 2234 780 2319; baseline -0.006 -17"><span class='ocrx_word' id='word_1_155' title='bbox 120 2246 344 2319; x_wconf 83' lang='lat' dir='ltr'>gantur</span> <span class='ocrx_word' id='word_1_156' title='bbox 380 2236 450 2303; x_wconf 86' lang='lat' dir='ltr'>in</span> <span class='ocrx_word' id='word_1_157' title='bbox 489 2234 780 2300; x_wconf 85' lang='lat' dir='ltr'>aeclesia.</span> 
     </span>
    </p>
   </div>
   <div class='ocr_carea' id='block_1_8' title="bbox 301 2349 2514 3818">
    <p class='ocr_par' dir='ltr' id='par_1_8' title="bbox 301 2349 2514 3818">
     <span class='ocr_line' id='line_1_20' title="bbox 381 2349 2513 2423; baseline 0 -14"><span class='ocrx_word' id='word_1_158' title='bbox 381 2355 546 2409; x_wconf 88' lang='lat' dir='ltr'>Conc.</span> <span class='ocrx_word' id='word_1_159' title='bbox 566 2351 790 2406; x_wconf 82' lang='lat' dir='ltr'>Laodic.</span> <span class='ocrx_word' id='word_1_160' title='bbox 830 2366 950 2404; x_wconf 88' lang='lat' dir='ltr'>can.</span> <span class='ocrx_word' id='word_1_161' title='bbox 993 2351 1080 2405; x_wconf 87' lang='lat'>59.</span> <span class='ocrx_word' id='word_1_162' title='bbox 1126 2349 1252 2403; x_wconf 89' lang='lat' dir='ltr'>Non</span> <span class='ocrx_word' id='word_1_163' title='bbox 1288 2353 1515 2420; x_wconf 78' lang='lat' dir='ltr'>oportet</span> <span class='ocrx_word' id='word_1_164' title='bbox 1556 2351 1626 2404; x_wconf 84' lang='lat' dir='ltr'>ab</span> <span class='ocrx_word' id='word_1_165' title='bbox 1667 2351 1859 2405; x_wconf 88' lang='lat' dir='ltr'>idiotis</span> <span class='ocrx_word' id='word_1_166' title='bbox 1896 2353 2137 2420; x_wconf 89' lang='lat' dir='ltr'>psalmos</span> <span class='ocrx_word' id='word_1_167' title='bbox 2174 2355 2513 2423; x_wconf 89' lang='lat' dir='ltr'>compositos</span> 
     </span>
     <span class='ocr_line' id='line_1_21' title="bbox 313 2436 2514 2511; baseline -0 -14"><span class='ocrx_word' id='word_1_168' title='bbox 313 2446 370 2497; x_wconf 85' lang='lat' dir='ltr'>et</span> <span class='ocrx_word' id='word_1_169' title='bbox 406 2441 666 2511; x_wconf 82' lang='lat' dir='ltr'>vulgares</span> <span class='ocrx_word' id='word_1_170' title='bbox 703 2437 813 2493; x_wconf 86' lang='lat' dir='ltr'>dici</span> <span class='ocrx_word' id='word_1_171' title='bbox 850 2437 906 2490; x_wconf 86' lang='lat' dir='ltr'>in</span> <span class='ocrx_word' id='word_1_172' title='bbox 943 2436 1213 2492; x_wconf 89' lang='lat' dir='ltr'>Ecclesiis</span> <span class='ocrx_word' id='word_1_173' title='bbox 1232 2477 1245 2504; x_wconf 91' lang='lat'>,</span> <span class='ocrx_word' id='word_1_174' title='bbox 1300 2454 1480 2505; x_wconf 89' lang='lat' dir='ltr'>neque</span> <span class='ocrx_word' id='word_1_175' title='bbox 1520 2437 1693 2492; x_wconf 90' lang='lat' dir='ltr'>libros</span> <span class='ocrx_word' id='word_1_176' title='bbox 1752 2438 1847 2506; x_wconf 90' lang='lat' dir='ltr'>qui</span> <span class='ocrx_word' id='word_1_177' title='bbox 1886 2443 2017 2492; x_wconf 86' lang='lat' dir='ltr'>sunt</span> <span class='ocrx_word' id='word_1_178' title='bbox 2052 2444 2213 2494; x_wconf 86' lang='lat' dir='ltr'>extra</span> <span class='ocrx_word' id='word_1_179' title='bbox 2250 2459 2514 2496; x_wconf 86' lang='lat' dir='ltr'>canonem</span> 
     </span>
     <span class='ocr_line' id='line_1_22' title="bbox 311 2522 2514 2597; baseline 0 -17"><span class='ocrx_word' id='word_1_180' title='bbox 311 2528 518 2597; x_wconf 83' lang='lat' dir='ltr'>legere,</span> <span class='ocrx_word' id='word_1_181' title='bbox 555 2525 666 2580; x_wconf 89' lang='lat' dir='ltr'>nisi</span> <span class='ocrx_word' id='word_1_182' title='bbox 701 2525 848 2578; x_wconf 86' lang='lat' dir='ltr'>solos</span> <span class='ocrx_word' id='word_1_183' title='bbox 883 2523 1176 2577; x_wconf 88' lang='lat' dir='ltr'>canonicos</span> <span class='ocrx_word' id='word_1_184' title='bbox 1214 2522 1348 2576; x_wconf 84' lang='lat' dir='ltr'>novi</span> <span class='ocrx_word' id='word_1_185' title='bbox 1384 2527 1441 2576; x_wconf 92' lang='lat' dir='ltr'>et</span> <span class='ocrx_word' id='word_1_186' title='bbox 1474 2524 1684 2578; x_wconf 88' lang='lat' dir='ltr'>veteris</span> <span class='ocrx_word' id='word_1_187' title='bbox 1716 2525 2057 2578; x_wconf 83' lang='lat' dir='ltr'>testamenti.</span> <span class='ocrx_word' id='word_1_188' title='bbox 2140 2525 2291 2592; x_wconf 79' lang='lat' dir='ltr'>Quae</span> <span class='ocrx_word' id='word_1_189' title='bbox 2326 2531 2514 2582; x_wconf 88' lang='lat' dir='ltr'>autem</span> 
     </span>
     <span class='ocr_line' id='line_1_23' title="bbox 303 2610 2502 2685; baseline 0 -15"><span class='ocrx_word' id='word_1_190' title='bbox 303 2618 534 2685; x_wconf 81' lang='lat' dir='ltr'>oportet</span> <span class='ocrx_word' id='word_1_191' title='bbox 581 2612 694 2682; x_wconf 83' lang='lat' dir='ltr'>legi</span> <span class='ocrx_word' id='word_1_192' title='bbox 737 2615 794 2665; x_wconf 88' lang='lat' dir='ltr'>et</span> <span class='ocrx_word' id='word_1_193' title='bbox 833 2611 894 2665; x_wconf 88' lang='lat' dir='ltr'>in</span> <span class='ocrx_word' id='word_1_194' title='bbox 933 2610 1328 2664; x_wconf 85' lang='lat' dir='ltr'>auctoritatem</span> <span class='ocrx_word' id='word_1_195' title='bbox 1362 2611 1557 2680; x_wconf 89' lang='lat' dir='ltr'>recipi,</span> <span class='ocrx_word' id='word_1_196' title='bbox 1606 2612 1743 2666; x_wconf 90' lang='lat' dir='ltr'>haec</span> <span class='ocrx_word' id='word_1_197' title='bbox 1780 2616 1946 2665; x_wconf 86' lang='lat' dir='ltr'>sunt:</span> <span class='ocrx_word' id='word_1_198' title='bbox 2028 2612 2256 2667; x_wconf 88' lang='lat' dir='ltr'>Genesis</span> <span class='ocrx_word' id='word_1_199' title='bbox 2293 2615 2502 2685; x_wconf 80' lang='lat' dir='ltr'>mundi,</span> 
     </span>
     <span class='ocr_line' id='line_1_24' title="bbox 301 2697 2497 2776; baseline 0.001 -20"><span class='ocrx_word' id='word_1_200' title='bbox 301 2702 530 2756; x_wconf 84' lang='lat' dir='ltr'>Exodus</span> <span class='ocrx_word' id='word_1_201' title='bbox 561 2700 841 2770; x_wconf 85' lang='lat' dir='ltr'>Aegypti,</span> <span class='ocrx_word' id='word_1_202' title='bbox 875 2697 1189 2754; x_wconf 85' lang='lat' dir='ltr'>Leviticum</span> <span class='ocrx_word' id='word_1_203' title='bbox 1205 2737 1220 2765; x_wconf 91' lang='lat'>‚</span> <span class='ocrx_word' id='word_1_204' title='bbox 1267 2698 1530 2767; x_wconf 86' lang='lat' dir='ltr'>Numeri,</span> <span class='ocrx_word' id='word_1_205' title='bbox 1579 2699 2075 2754; x_wconf 85' lang='lat' dir='ltr'>Deuteronomium</span> <span class='ocrx_word' id='word_1_206' title='bbox 2098 2740 2113 2767; x_wconf 95' lang='lat'>,</span> <span class='ocrx_word' id='word_1_207' title='bbox 2170 2701 2297 2756; x_wconf 87' lang='lat' dir='ltr'>Iesu</span> <span class='ocrx_word' id='word_1_208' title='bbox 2328 2703 2497 2776; x_wconf 85' lang='lat' dir='ltr'>Nave,</span> 
     </span>
     <span class='ocr_line' id='line_1_25' title="bbox 310 2785 2511 2860; baseline 0.002 -18"><span class='ocrx_word' id='word_1_209' title='bbox 310 2789 528 2842; x_wconf 84' lang='lat' dir='ltr'>Iudices</span> <span class='ocrx_word' id='word_1_210' title='bbox 546 2827 560 2854; x_wconf 90' lang='lat'>‚</span> <span class='ocrx_word' id='word_1_211' title='bbox 619 2787 774 2840; x_wconf 87' lang='lat' dir='ltr'>Ruth</span> <span class='ocrx_word' id='word_1_212' title='bbox 791 2825 806 2854; x_wconf 93' lang='lat'>,</span> <span class='ocrx_word' id='word_1_213' title='bbox 860 2785 1182 2856; x_wconf 85' lang='lat' dir='ltr'>Regnorum</span> <span class='ocrx_word' id='word_1_214' title='bbox 1215 2785 1347 2839; x_wconf 91' lang='lat' dir='ltr'>libri</span> <span class='ocrx_word' id='word_1_215' title='bbox 1383 2790 1650 2855; x_wconf 88' lang='lat' dir='ltr'>quatuor,</span> <span class='ocrx_word' id='word_1_216' title='bbox 1706 2787 2171 2858; x_wconf 81' lang='lat' dir='ltr'>Paralipomenon</span> <span class='ocrx_word' id='word_1_217' title='bbox 2216 2788 2349 2844; x_wconf 89' lang='lat' dir='ltr'>libri</span> <span class='ocrx_word' id='word_1_218' title='bbox 2384 2791 2511 2860; x_wconf 87' lang='lat' dir='ltr'>duo,</span> 
     </span>
     <span class='ocr_line' id='line_1_26' title="bbox 311 2872 2513 2946; baseline 0.002 -16"><span class='ocrx_word' id='word_1_219' title='bbox 311 2877 525 2931; x_wconf 84' lang='lat' dir='ltr'>Esdrae</span> <span class='ocrx_word' id='word_1_220' title='bbox 562 2875 697 2928; x_wconf 87' lang='lat' dir='ltr'>libri</span> <span class='ocrx_word' id='word_1_221' title='bbox 734 2875 877 2943; x_wconf 87' lang='lat' dir='ltr'>du0,</span> <span class='ocrx_word' id='word_1_222' title='bbox 929 2873 1074 2927; x_wconf 92' lang='lat' dir='ltr'>liber</span> <span class='ocrx_word' id='word_1_223' title='bbox 1109 2872 1454 2926; x_wconf 89' lang='lat' dir='ltr'>Psalmorum</span> <span class='ocrx_word' id='word_1_224' title='bbox 1491 2873 1579 2928; x_wconf 89' lang='lat' dir='ltr'>CL</span> <span class='ocrx_word' id='word_1_225' title='bbox 1600 2915 1615 2942; x_wconf 89' lang='lat'>,</span> <span class='ocrx_word' id='word_1_226' title='bbox 1650 2875 1956 2929; x_wconf 89' lang='lat' dir='ltr'>Proverbia</span> <span class='ocrx_word' id='word_1_227' title='bbox 1992 2875 2335 2946; x_wconf 88' lang='lat' dir='ltr'>Salomonis,</span> <span class='ocrx_word' id='word_1_228' title='bbox 2378 2878 2513 2934; x_wconf 81' lang='lat' dir='ltr'>Can-</span> 
     </span>
     <span class='ocr_line' id='line_1_27' title="bbox 311 2960 2513 3034; baseline 0 -16"><span class='ocrx_word' id='word_1_229' title='bbox 311 2964 427 3019; x_wconf 83' lang='lat' dir='ltr'>tica</span> <span class='ocrx_word' id='word_1_230' title='bbox 465 2963 556 3017; x_wconf 79' lang='lat' dir='ltr'>Cr·</span> <span class='ocrx_word' id='word_1_231' title='bbox 583 2962 840 3027; x_wconf 62' lang='lat' dir='ltr'>ticorum,</span> <span class='ocrx_word' id='word_1_232' title='bbox 873 2960 1271 3029; x_wconf 85' lang='lat' dir='ltr'>Ecclesiastes,</span> <span class='ocrx_word' id='word_1_233' title='bbox 1307 2961 1426 3028; x_wconf 88' lang='lat' dir='ltr'>Iob,</span> <span class='ocrx_word' id='word_1_234' title='bbox 1461 2961 1699 3026; x_wconf 87' lang='lat' dir='ltr'>Esther,</span> <span class='ocrx_word' id='word_1_235' title='bbox 1744 2963 2053 3016; x_wconf 86' lang='lat' dir='ltr'>Duodecim</span> <span class='ocrx_word' id='word_1_236' title='bbox 2088 2963 2417 3034; x_wconf 84' lang='lat' dir='ltr'>Prophetae,</span> <span class='ocrx_word' id='word_1_237' title='bbox 2453 2966 2513 3020; x_wconf 85' lang='lat' dir='ltr'>id</span> 
     </span>
     <span class='ocr_line' id='line_1_28' title="bbox 311 3044 2511 3120; baseline 0.001 -16"><span class='ocrx_word' id='word_1_238' title='bbox 311 3055 415 3118; x_wconf 90' lang='lat' dir='ltr'>est,</span> <span class='ocrx_word' id='word_1_239' title='bbox 461 3049 619 3118; x_wconf 90' lang='lat' dir='ltr'>Osee,</span> <span class='ocrx_word' id='word_1_240' title='bbox 656 3047 844 3113; x_wconf 87' lang='lat' dir='ltr'>Amos,</span> <span class='ocrx_word' id='word_1_241' title='bbox 881 3044 1015 3115; x_wconf 89' lang='lat' dir='ltr'>Ioel,</span> <span class='ocrx_word' id='word_1_242' title='bbox 1049 3046 1292 3115; x_wconf 86' lang='lat' dir='ltr'>Abdias,</span> <span class='ocrx_word' id='word_1_243' title='bbox 1331 3047 1525 3114; x_wconf 90' lang='lat' dir='ltr'>Ionas,</span> <span class='ocrx_word' id='word_1_244' title='bbox 1565 3048 1841 3116; x_wconf 62' lang='lat' dir='ltr'>Mieheas,</span> <span class='ocrx_word' id='word_1_245' title='bbox 1878 3049 2093 3117; x_wconf 86' lang='lat' dir='ltr'>Naiim,</span> <span class='ocrx_word' id='word_1_246' title='bbox 2130 3051 2374 3120; x_wconf 86' lang='lat' dir='ltr'>Abacuc,</span> <span class='ocrx_word' id='word_1_247' title='bbox 2418 3053 2511 3107; x_wconf 89' lang='lat' dir='ltr'>So-</span> 
     </span>
     <span class='ocr_line' id='line_1_29' title="bbox 311 3134 2509 3208; baseline 0.001 -16"><span class='ocrx_word' id='word_1_248' title='bbox 311 3137 546 3208; x_wconf 86' lang='lat' dir='ltr'>phonias</span> <span class='ocrx_word' id='word_1_249' title='bbox 569 3178 582 3205; x_wconf 89' lang='lat'>,</span> <span class='ocrx_word' id='word_1_250' title='bbox 638 3135 926 3205; x_wconf 75' lang='lat' dir='ltr'>AggaeuS,</span> <span class='ocrx_word' id='word_1_251' title='bbox 962 3134 1258 3188; x_wconf 83' lang='lat' dir='ltr'>Zacharias</span> <span class='ocrx_word' id='word_1_252' title='bbox 1278 3175 1292 3202; x_wconf 94' lang='lat'>,</span> <span class='ocrx_word' id='word_1_253' title='bbox 1339 3135 1661 3190; x_wconf 85' lang='lat' dir='ltr'>Malachias.</span> <span class='ocrx_word' id='word_1_254' title='bbox 1754 3137 1898 3191; x_wconf 89' lang='lat' dir='ltr'>Item</span> <span class='ocrx_word' id='word_1_255' title='bbox 1933 3137 2131 3206; x_wconf 84' lang='lat' dir='ltr'>Isaias,</span> <span class='ocrx_word' id='word_1_256' title='bbox 2180 3139 2509 3208; x_wconf 86' lang='lat' dir='ltr'>Hieremias,</span> 
     </span>
     <span class='ocr_line' id='line_1_30' title="bbox 311 3220 2509 3292; baseline 0.001 -13"><span class='ocrx_word' id='word_1_257' title='bbox 311 3223 607 3291; x_wconf 87' lang='lat' dir='ltr'>Ezechiel,</span> <span class='ocrx_word' id='word_1_258' title='bbox 654 3221 871 3276; x_wconf 88' lang='lat' dir='ltr'>Daniel.</span> <span class='ocrx_word' id='word_1_259' title='bbox 936 3220 1102 3275; x_wconf 65' lang='lat' dir='ltr'>&#39;Novi</span> <span class='ocrx_word' id='word_1_260' title='bbox 1155 3222 1480 3275; x_wconf 84' lang='lat' dir='ltr'>testamenti</span> <span class='ocrx_word' id='word_1_261' title='bbox 1526 3222 1833 3292; x_wconf 88' lang='lat' dir='ltr'>Evangelia</span> <span class='ocrx_word' id='word_1_262' title='bbox 1880 3227 2149 3292; x_wconf 87' lang='lat' dir='ltr'>quatuor:</span> <span class='ocrx_word' id='word_1_263' title='bbox 2212 3228 2509 3282; x_wconf 86' lang='lat' dir='ltr'>secundum</span> 
     </span>
     <span class='ocr_line' id='line_1_31' title="bbox 309 3309 2513 3388; baseline 0.001 -21"><span class='ocrx_word' id='word_1_264' title='bbox 309 3313 684 3378; x_wconf 86' lang='lat' dir='ltr'>Matthaeum,</span> <span class='ocrx_word' id='word_1_265' title='bbox 721 3309 1028 3366; x_wconf 86' lang='lat' dir='ltr'>secundum</span> <span class='ocrx_word' id='word_1_266' title='bbox 1062 3310 1312 3364; x_wconf 84' lang='lat' dir='ltr'>Marcum</span> <span class='ocrx_word' id='word_1_267' title='bbox 1331 3351 1344 3378; x_wconf 83' lang='lat'>,</span> <span class='ocrx_word' id='word_1_268' title='bbox 1382 3311 1686 3388; x_wconf 79' lang='lat' dir='ltr'>secundum</span> <span class='ocrx_word' id='word_1_269' title='bbox 1725 3310 1965 3381; x_wconf 90' lang='lat' dir='ltr'>Lucam,</span> <span class='ocrx_word' id='word_1_270' title='bbox 2016 3315 2317 3369; x_wconf 83' lang='lat' dir='ltr'>secundum</span> <span class='ocrx_word' id='word_1_271' title='bbox 2353 3316 2513 3370; x_wconf 86' lang='lat' dir='ltr'>Ioan-</span> 
     </span>
     <span class='ocr_line' id='line_1_32' title="bbox 308 3397 2513 3470; baseline 0 -14"><span class='ocrx_word' id='word_1_272' title='bbox 308 3419 450 3456; x_wconf 87' lang='lat' dir='ltr'>nem.</span> <span class='ocrx_word' id='word_1_273' title='bbox 524 3401 703 3454; x_wconf 88' lang='lat' dir='ltr'>Actus</span> <span class='ocrx_word' id='word_1_274' title='bbox 739 3399 1154 3468; x_wconf 84' lang='lat' dir='ltr'>Apostolorum.</span> <span class='ocrx_word' id='word_1_275' title='bbox 1249 3397 1569 3454; x_wconf 86' lang='lat' dir='ltr'>Catholicae</span> <span class='ocrx_word' id='word_1_276' title='bbox 1607 3400 1873 3469; x_wconf 89' lang='lat' dir='ltr'>epistolae</span> <span class='ocrx_word' id='word_1_277' title='bbox 1911 3401 2067 3455; x_wconf 88' lang='lat' dir='ltr'>Petri</span> <span class='ocrx_word' id='word_1_278' title='bbox 2100 3402 2189 3470; x_wconf 89' lang='grc' dir='ltr'>ΙΙ,</span> <span class='ocrx_word' id='word_1_279' title='bbox 2246 3402 2435 3458; x_wconf 85' lang='lat' dir='ltr'>Iacobi</span> <span class='ocrx_word' id='word_1_280' title='bbox 2469 3403 2513 3470; x_wconf 92' lang='lat'>1,</span> 
     </span>
     <span class='ocr_line' id='line_1_33' title="bbox 311 3485 2514 3556; baseline 0 -13"><span class='ocrx_word' id='word_1_281' title='bbox 311 3488 536 3543; x_wconf 85' lang='lat' dir='ltr'>Ioannis</span> <span class='ocrx_word' id='word_1_282' title='bbox 571 3487 669 3554; x_wconf 88' lang='grc' dir='ltr'>ΠΙ,</span> <span class='ocrx_word' id='word_1_283' title='bbox 707 3487 876 3540; x_wconf 83' lang='lat' dir='ltr'>Iudae</span> <span class='ocrx_word' id='word_1_284' title='bbox 912 3486 955 3540; x_wconf 90' lang='grc' dir='ltr'>Ι.</span> <span class='ocrx_word' id='word_1_285' title='bbox 1032 3485 1320 3556; x_wconf 77' lang='lat' dir='ltr'>Epistulae</span> <span class='ocrx_word' id='word_1_286' title='bbox 1356 3487 1518 3540; x_wconf 84' lang='lat' dir='ltr'>Pauli</span> <span class='ocrx_word' id='word_1_287' title='bbox 1558 3487 1700 3542; x_wconf 89' lang='lat' dir='ltr'>XIV.</span> <span class='ocrx_word' id='word_1_288' title='bbox 1740 3489 1812 3541; x_wconf 87' lang='lat' dir='ltr'>ad</span> <span class='ocrx_word' id='word_1_289' title='bbox 1850 3487 2129 3543; x_wconf 88' lang='lat' dir='ltr'>Romanos</span> <span class='ocrx_word' id='word_1_290' title='bbox 2150 3530 2163 3556; x_wconf 92' lang='lat'>‚</span> <span class='ocrx_word' id='word_1_291' title='bbox 2218 3491 2290 3546; x_wconf 83' lang='lat' dir='ltr'>ad.</span> <span class='ocrx_word' id='word_1_292' title='bbox 2326 3491 2514 3544; x_wconf 87' lang='lat' dir='ltr'>Corin-</span> 
     </span>
     <span class='ocr_line' id='line_1_34' title="bbox 312 3573 2512 3648; baseline 0 -18"><span class='ocrx_word' id='word_1_293' title='bbox 312 3576 462 3630; x_wconf 86' lang='lat' dir='ltr'>thios</span> <span class='ocrx_word' id='word_1_294' title='bbox 504 3573 686 3644; x_wconf 90' lang='lat' dir='ltr'>prima</span> <span class='ocrx_word' id='word_1_295' title='bbox 721 3577 780 3628; x_wconf 87' lang='lat' dir='ltr'>et</span> <span class='ocrx_word' id='word_1_296' title='bbox 818 3573 1060 3628; x_wconf 87' lang='lat' dir='ltr'>secunda</span> <span class='ocrx_word' id='word_1_297' title='bbox 1083 3613 1097 3639; x_wconf 93' lang='lat'>,</span> <span class='ocrx_word' id='word_1_298' title='bbox 1147 3573 1217 3626; x_wconf 86' lang='lat' dir='ltr'>ad</span> <span class='ocrx_word' id='word_1_299' title='bbox 1256 3573 1512 3643; x_wconf 76' lang='lat' dir='ltr'>GalatOS,</span> <span class='ocrx_word' id='word_1_300' title='bbox 1550 3575 1622 3628; x_wconf 86' lang='lat' dir='ltr'>ad</span> <span class='ocrx_word' id='word_1_301' title='bbox 1661 3575 1963 3645; x_wconf 86' lang='lat' dir='ltr'>Ephesios,</span> <span class='ocrx_word' id='word_1_302' title='bbox 2003 3576 2074 3630; x_wconf 87' lang='lat' dir='ltr'>ad</span> <span class='ocrx_word' id='word_1_303' title='bbox 2110 3577 2512 3648; x_wconf 86' lang='lat' dir='ltr'>Philippenses,</span> 
     </span>
     <span class='ocr_line' id='line_1_35' title="bbox 317 3661 2512 3733; baseline -0 -14"><span class='ocrx_word' id='word_1_304' title='bbox 317 3665 387 3719; x_wconf 85' lang='lat' dir='ltr'>ad</span> <span class='ocrx_word' id='word_1_305' title='bbox 439 3664 794 3718; x_wconf 87' lang='lat' dir='ltr'>Colossenses</span> <span class='ocrx_word' id='word_1_306' title='bbox 818 3702 832 3729; x_wconf 92' lang='lat'><strong>‚</strong></span> <span class='ocrx_word' id='word_1_307' title='bbox 885 3663 958 3716; x_wconf 84' lang='lat' dir='ltr'>ad</span> <span class='ocrx_word' id='word_1_308' title='bbox 1003 3661 1521 3718; x_wconf 83' lang='lat' dir='ltr'>Thessalonicenses</span> <span class='ocrx_word' id='word_1_309' title='bbox 1558 3663 1740 3732; x_wconf 90' lang='lat' dir='ltr'>prima</span> <span class='ocrx_word' id='word_1_310' title='bbox 1790 3667 1847 3717; x_wconf 87' lang='lat' dir='ltr'>et</span> <span class='ocrx_word' id='word_1_311' title='bbox 1884 3665 2159 3733; x_wconf 84' lang='lat' dir='ltr'>secunda,</span> <span class='ocrx_word' id='word_1_312' title='bbox 2224 3665 2295 3718; x_wconf 86' lang='lat' dir='ltr'>ad</span> <span class='ocrx_word' id='word_1_313' title='bbox 2331 3663 2512 3718; x_wconf 89' lang='lat' dir='ltr'>Timo·</span> 
     </span>
     <span class='ocr_line' id='line_1_36' title="bbox 315 3749 1954 3818; baseline -0.001 -11"><span class='ocrx_word' id='word_1_314' title='bbox 315 3751 507 3807; x_wconf 86' lang='lat' dir='ltr'>theum</span> <span class='ocrx_word' id='word_1_315' title='bbox 539 3751 612 3818; x_wconf 89' lang='lat'>11,</span> <span class='ocrx_word' id='word_1_316' title='bbox 653 3750 722 3804; x_wconf 89' lang='lat' dir='ltr'>ad</span> <span class='ocrx_word' id='word_1_317' title='bbox 763 3750 969 3817; x_wconf 88' lang='lat' dir='ltr'>Titum,</span> <span class='ocrx_word' id='word_1_318' title='bbox 1011 3750 1085 3804; x_wconf 85' lang='lat' dir='ltr'>ad</span> <span class='ocrx_word' id='word_1_319' title='bbox 1116 3749 1510 3817; x_wconf 88' lang='lat' dir='ltr'>Philemonem,</span> <span class='ocrx_word' id='word_1_320' title='bbox 1549 3751 1621 3804; x_wconf 86' lang='lat' dir='ltr'>ad</span> <span class='ocrx_word' id='word_1_321' title='bbox 1652 3749 1954 3806; x_wconf 88' lang='lat' dir='ltr'>Hebraeos.</span> 
     </span>
    </p>
   </div>
   <div class='ocr_carea' id='block_1_9' title="bbox 767 3919 1857 4008">
    <p class='ocr_par' dir='ltr' id='par_1_9' title="bbox 767 3919 1857 4008">
     <span class='ocr_line' id='line_1_37' title="bbox 767 3919 1857 4008; baseline 0.001 -32"><span class='ocrx_word' id='word_1_322' title='bbox 767 3921 1168 3978; x_wconf 75' lang='lat' dir='ltr'>cLEmcIs</span> <span class='ocrx_word' id='word_1_323' title='bbox 1221 3922 1332 3976; x_wconf 83' lang='lat' dir='ltr'>ET</span> <span class='ocrx_word' id='word_1_324' title='bbox 1383 3919 1857 4008; x_wconf 68' lang='lat' dir='ltr'>MoNAcnrs.</span> 
     </span>
    </p>
   </div>
   <div class='ocr_carea' id='block_1_10' title="bbox 134 4040 2513 4416">
    <p class='ocr_par' dir='ltr' id='par_1_10' title="bbox 134 4040 2513 4416">
     <span class='ocr_line' id='line_1_38' title="bbox 285 4040 2512 4137; baseline 0.002 -25"><span class='ocrx_word' id='word_1_325' title='bbox 285 4047 472 4112; x_wconf 87' lang='lat' dir='ltr'>XXI.</span> <span class='ocrx_word' id='word_1_326' title='bbox 559 4045 641 4110; x_wconf 91' lang='lat' dir='ltr'>In</span> <span class='ocrx_word' id='word_1_327' title='bbox 681 4043 956 4109; x_wconf 89' lang='lat' dir='ltr'>concilio</span> <span class='ocrx_word' id='word_1_328' title='bbox 1000 4040 1504 4126; x_wconf 86' lang='lat' dir='ltr'>Calcidonense,</span> <span class='ocrx_word' id='word_1_329' title='bbox 1548 4053 1622 4109; x_wconf 90' lang='lat' dir='ltr'>ut</span> <span class='ocrx_word' id='word_1_330' title='bbox 1662 4067 1795 4110; x_wconf 88' lang='lat' dir='ltr'>non</span> <span class='ocrx_word' id='word_1_331' title='bbox 1841 4053 2135 4135; x_wconf 86' lang='lat' dir='ltr'>oporteat</span> <span class='ocrx_word' id='word_1_332' title='bbox 2175 4047 2512 4137; x_wconf 87' lang='lat' dir='ltr'>episcopos</span> 
     </span>
     <span class='ocr_line' id='line_1_39' title="bbox 134 4144 2509 4234; baseline 0.003 -23"><span class='ocrx_word' id='word_1_333' title='bbox 134 4158 226 4212; x_wconf 82' lang='lat' dir='ltr'>aut</span> <span class='ocrx_word' id='word_1_334' title='bbox 269 4148 626 4233; x_wconf 88' lang='lat' dir='ltr'>quemlibet</span> <span class='ocrx_word' id='word_1_335' title='bbox 667 4167 756 4211; x_wconf 83' lang='lat' dir='ltr'>ex</span> <span class='ocrx_word' id='word_1_336' title='bbox 797 4145 972 4210; x_wconf 88' lang='lat' dir='ltr'>clero</span> <span class='ocrx_word' id='word_1_337' title='bbox 1011 4167 1132 4233; x_wconf 88' lang='lat' dir='ltr'>per</span> <span class='ocrx_word' id='word_1_338' title='bbox 1171 4144 1478 4234; x_wconf 84' lang='lat' dir='ltr'>pecunias</span> <span class='ocrx_word' id='word_1_339' title='bbox 1524 4145 1846 4211; x_wconf 72' lang='lat' dir='ltr'>ordinarit</span> <span class='ocrx_word' id='word_1_340' title='bbox 1906 4146 2055 4232; x_wconf 87' lang='lat' dir='ltr'>quia</span> <span class='ocrx_word' id='word_1_341' title='bbox 2093 4146 2352 4232; x_wconf 76' lang='lat' dir='ltr'>utrique</span> <span class='ocrx_word' id='word_1_342' title='bbox 2400 4150 2509 4217; x_wconf 87' lang='lat' dir='ltr'>de-</span> 
     </span>
     <span class='ocr_line' id='line_1_40' title="bbox 139 4245 2513 4338; baseline 0.003 -26"><span class='ocrx_word' id='word_1_343' title='bbox 139 4249 404 4332; x_wconf 83' lang='lat' dir='ltr'>ponendi</span> <span class='ocrx_word' id='word_1_344' title='bbox 450 4257 634 4330; x_wconf 88' lang='lat' dir='ltr'>sunt,</span> <span class='ocrx_word' id='word_1_345' title='bbox 702 4254 770 4310; x_wconf 89' lang='lat' dir='ltr'>et</span> <span class='ocrx_word' id='word_1_346' title='bbox 811 4245 921 4331; x_wconf 89' lang='lat' dir='ltr'>qui</span> <span class='ocrx_word' id='word_1_347' title='bbox 967 4245 1258 4329; x_wconf 84' lang='lat' dir='ltr'>ordinat,</span> <span class='ocrx_word' id='word_1_348' title='bbox 1313 4255 1380 4311; x_wconf 89' lang='lat' dir='ltr'>et</span> <span class='ocrx_word' id='word_1_349' title='bbox 1424 4245 1535 4332; x_wconf 89' lang='lat' dir='ltr'>qui</span> <span class='ocrx_word' id='word_1_350' title='bbox 1581 4247 1946 4330; x_wconf 85' lang='lat' dir='ltr'>ordinatur,</span> <span class='ocrx_word' id='word_1_351' title='bbox 1998 4268 2252 4315; x_wconf 89' lang='lat' dir='ltr'>necnon</span> <span class='ocrx_word' id='word_1_352' title='bbox 2296 4260 2362 4315; x_wconf 88' lang='lat' dir='ltr'>et</span> <span class='ocrx_word' id='word_1_353' title='bbox 2402 4253 2513 4338; x_wconf 85' lang='lat' dir='ltr'>qui</span> 
     </span>
     <span class='ocr_line' id='line_1_41' title="bbox 135 4347 956 4416; baseline 0.002 -6"><span class='ocrx_word' id='word_1_354' title='bbox 135 4350 430 4416; x_wconf 84' lang='lat' dir='ltr'>mediator</span> <span class='ocrx_word' id='word_1_355' title='bbox 473 4356 574 4416; x_wconf 89' lang='lat' dir='ltr'>est</span> <span class='ocrx_word' id='word_1_356' title='bbox 610 4347 782 4414; x_wconf 88' lang='lat' dir='ltr'>inter</span> <span class='ocrx_word' id='word_1_357' title='bbox 826 4368 956 4412; x_wconf 90' lang='lat' dir='ltr'>eos.</span> 
     </span>
    </p>
   </div>
  </div>
 </body>
</html>
