2959 4984
679 334 768 383 LI.
845 294 1158 384 ursam
1196 334 1292 384 pn
1330 334 1420 385 lx.
1459 335 1581 384 mn
1618 333 1669 388 5.
1706 335 1873 388 nov,
1914 337 1975 385 A.
2018 265 2179 388 1835.
2535 334 2645 390 299

236 503 468 590 primis
488 501 632 565 Vos
676 515 1034 578 monemuS,
1076 502 1149 558 ut
1191 492 1424 558 eodem
1466 502 1781 583 tempore,
1827 517 1955 580 quo
1995 497 2353 583 pastorales
2394 507 2641 564 vestras

237 603 524 668 Litteras
570 609 636 664 et
674 599 798 664 alia
837 597 1006 662 Acta
1049 595 1117 658 in
1162 594 1378 658 lucem
1418 594 1715 660 emissuri
1758 595 1957 679 eritis,
2003 597 2270 661 illorum
2300 598 2639 688 exemplar

243 700 606 766 Caesareae
651 709 716 764 et
743 698 1162 787 Apostolicae
1196 697 1554 783 Majestatis
1589 698 1947 782 Gubernio,
1990 699 2259 763 notitiae
2306 697 2641 762 dumtaxat

241 825 468 884 causa,
513 801 768 866 mittere
812 797 1062 880 velitis,
1107 805 1300 882 atque
1347 798 1540 864 etiam
1589 799 1805 864 eidem
1850 799 2188 866 Gubernio
2238 798 2639 886 significetiS,

237 901 500 987 quando
531 899 838 988 Synodos
887 898 1066 964 eritis
1099 898 1398 980 habituri,
1444 909 1635 984 atque
1682 900 1913 964 eadem
1959 899 2041 964 de
2081 923 2275 964 causa
2315 899 2400 964 ad
2426 899 2639 987 ipsum

235 999 675 1088 Synodalium
711 1000 1048 1081 Actorum,
1091 1021 1238 1062 cum
1283 1021 1357 1064 ea
1398 999 1643 1088 publici
1676 999 1846 1084 juris
1888 999 2063 1082 fiant,
2114 1000 2451 1088 exemplar
2489 1021 2636 1086 per-

235 1101 584 1167 ferendum
629 1099 884 1182 curetiS,
927 1098 1041 1162 vix
1085 1099 1240 1162 dum
1271 1097 1440 1164 Acta
1465 1099 1607 1187 ipsa
1638 1101 2046 1185 evulgentur.
2090 1099 2177 1165 Et
2209 1099 2385 1184 quod
2412 1098 2641 1165 attinet

235 1203 320 1268 ad
361 1201 798 1266 Dioecesanas
845 1197 1152 1286 Synodos
1175 1248 1194 1282 ,
1241 1221 1388 1264 cum
1429 1200 1823 1283 noverimus,
1866 1200 2215 1265 nonnullos
2260 1221 2347 1264 ex
2390 1199 2635 1287 episco-

232 1303 370 1390 pali
425 1310 647 1366 vestro
709 1299 936 1366 ordine
975 1299 1398 1363 vehementer
1448 1322 1729 1388 cupere,
1798 1321 1873 1365 ea
1916 1321 1986 1365 se
2034 1301 2339 1364 facultate
2382 1297 2637 1380 muniri,

242 1423 411 1486 quae
466 1425 504 1464 a
542 1401 749 1468 Nobis
793 1399 1146 1464 Leodiensi
1185 1399 1512 1488 Episcopo
1574 1423 1697 1488 per
1752 1401 2165 1488 Rescriptum
2226 1401 2332 1466 die
2374 1400 2437 1464 4.
2480 1398 2639 1484 Maji

239 1501 442 1565 Anno
486 1500 646 1566 1851
708 1499 954 1564 editum
995 1499 1117 1564 fuit
1159 1521 1498 1582 concessa,
1563 1501 1631 1564 in
1672 1499 1886 1565 animo
1936 1500 2143 1566 Nobis
2186 1508 2317 1582 est,
2378 1500 2640 1564 illorum

241 1600 589 1666 desideriis
646 1599 1126 1682 obsecundare,
1189 1599 1300 1684 qui
1357 1600 1425 1664 id
1489 1623 1525 1664 a
1572 1600 1779 1666 Nobis
1825 1601 2295 1689 postulaverint
2335 1623 2411 1664 ac
2448 1599 2642 1664 simul

238 1700 594 1788 peculiaria
651 1699 955 1788 propriae
1027 1700 1338 1785 cujusque
1398 1700 1797 1765 Dioeccseos
1868 1700 2169 1787 adjuncta
2228 1701 2456 1765 sedulo
2524 1721 2636 1765 ex-

239 1800 611 1888 posuerint,
674 1809 747 1864 ut
804 1821 880 1864 ea
931 1799 1258 1893 ineamus·
1297 1800 1598 1883 consilia,
1668 1822 1832 1885 quae
1880 1801 2111 1886 cuique
2155 1800 2461 1866 Dioecesi
2508 1824 2639 1866 ma-

238 1901 346 1986 gis
414 1907 776 1988 opportuna
837 1899 978 1963 fore
1044 1899 1646 1965 existimaverimus
1758 1899 1926 1966 Cum
1990 1910 2206 1966 autem
2274 1923 2394 1990 pro
2460 1910 2637 1966 certo

236 2001 610 2083 habeamus,
653 1999 816 2063 nihil
861 1999 1175 2064 catholico
1221 2000 1327 2063 isti
1367 1996 1707 2067 Gubernio
1753 2002 1969 2090 potius
2008 2023 2293 2087 unquam
2329 2003 2637 2084 futurum,

239 2122 436 2184 quam
491 2108 559 2162 et
598 2098 987 2184 religionem
1035 2107 1101 2162 et
1141 2099 1450 2187 pietatem
1494 2101 1668 2166 omni
1715 2101 1926 2166 studio
1972 2103 2179 2189 magis
2223 2101 2293 2167 in
2340 2101 2481 2167 dies
2526 2124 2636 2167 ex-

244 2199 448 2264 citare
489 2223 566 2264 ac
609 2199 868 2282 fovere,
933 2208 1070 2262 tum
1119 2199 1173 2264 si
1225 2199 1635 2267 Gubernium
1676 2201 1855 2266 idem
1900 2201 2021 2267 sibi
2066 2201 2311 2287 aliquid
2353 2203 2422 2266 in
2469 2201 2637 2266 votis

236 2321 382 2364 esse
441 2298 904 2386 significaverit
964 2298 1178 2384 quoad
1233 2300 1507 2365 formam
1578 2311 1643 2366 et
1701 2300 2119 2384 methodum,
2182 2323 2308 2386 qua
2356 2302 2504 2367 libri
2548 2302 2631 2367 ad

235 2386 630 2484 religionem
671 2399 1075 2486 pertinentes
1120 2408 1268 2464 sunt
1303 2401 1525 2488 scripti
1555 2401 1625 2466 in
1662 2401 2030 2466 scholarum
2058 2425 2267 2486 usum,
2324 2402 2642 2488 ejusmodi

236 2507 544 2562 votorum
593 2498 756 2563 ratio
797 2498 1008 2564 Vobis
1057 2499 1178 2564 erit
1218 2500 1552 2584 habenda,
1618 2502 1795 2566 salvo
1839 2509 2053 2566 tamen
2094 2523 2354 2590 semper
2395 2501 2639 2566 incolu-

241 2598 462 2682 mique
507 2607 724 2664 vestro
757 2599 1006 2686 judicio
1049 2623 1125 2664 ac
1158 2600 1308 2686 jure
1351 2601 1519 2666 circa
1560 2601 1936 2684 doctrinam,
1983 2623 2147 2686 quae
2182 2601 2415 2666 iisdem
2455 2601 2639 2666 libris

245 2699 631 2764 continetur.
695 2699 976 2766 Omnem
1015 2722 1174 2766 vero
1219 2691 1434 2766 curam
1479 2702 1858 2790 impendite,
1899 2709 1973 2766 ut
2010 2701 2079 2767 in
2116 2701 2640 2790 primordiorum,

241 2821 363 2864 seu
405 2800 836 2864 elementariis
883 2801 1121 2865 scholis
1161 2801 1209 2865 ii
1255 2802 1339 2866 ad
1385 2802 1771 2869 catechesim
1804 2802 2186 2867 tradendam
2214 2801 2639 2867 adhibeantur

237 2900 415 2982 libri,
458 2901 687 2985 quibus
729 2901 1029 2966 iuventus
1069 2923 1264 2970 unam
1307 2904 1711 2988 eandemque
1756 2904 2111 2969 catholicae
2150 2902 2482 2967 Ecclesiae
2526 2903 2634 2967 ad·

246 3001 456 3064 discat
498 3001 875 3084 doctrinam,
921 3010 1112 3086 atque
1156 3011 1228 3067 ut
1271 3003 1449 3069 nulla
1489 3026 1770 3090 unquam
1804 3005 2017 3091 quoad
2042 3003 2243 3070 libros
2271 3004 2383 3069 fiat
2408 3003 2635 3069 immu-

241 3100 422 3182 tatio,
469 3101 594 3166 nisi
639 3102 857 3186 gravis
899 3103 1068 3168 adsit
1111 3091 1329 3188 causa,
1387 3115 1454 3170 et
1501 3106 1747 3170 collatis
1789 3127 2048 3194 semper
2089 3105 2260 3170 inter
2305 3105 2447 3170 Vos
2488 3128 2636 3170 con-

238 3199 423 3264 siliis.
513 3200 602 3264 Et
644 3201 945 3286 quoniam
991 3214 1393 3292 compertum
1443 3205 1981 3293 exploratumque
2022 3205 2231 3270 Vobis
2282 3214 2399 3287 est,
2444 3225 2635 3290 quam

233 3301 662 3366 vehementer
716 3302 813 3366 rei
857 3325 1003 3366 cum
1047 3327 1268 3369 sacrae
1315 3313 1452 3369 tum
1493 3305 1791 3392 publi—cae
1830 3305 2120 3390 intersit,
2187 3305 2637 3372 adolescentes

233 3401 622 3488 praesertim
669 3399 956 3468 Clericos
1015 3404 1125 3470 vel
1177 3429 1214 3468 a
1273 3405 1517 3470 teneris
1558 3405 1741 3470 annis
1780 3405 1864 3470 ad
1903 3404 2212 3493 pietatem
2250 3427 2637 3491 omnemque

233 3500 563 3582 virtutem,
614 3509 680 3564 et
709 3502 1214 3568 ecclesiasticum
1247 3506 1544 3592 spiritum
1576 3515 1825 3572 mature
1852 3507 2259 3590 conformari,
2306 3530 2382 3572 ac
2408 3506 2639 3571 litteris

235 3611 306 3666 et
350 3601 706 3690 disciplinis
746 3602 1155 3691 potissimum
1197 3607 1397 3670 sacris
1433 3609 1515 3672 ab
1551 3603 1724 3671 omni
1753 3629 2019 3694 prorsus
2052 3608 2365 3692 cujusque
2396 3605 2635 3670 erroris

235 3702 534 3789 periculo
597 3703 824 3768 alienis
881 3705 1112 3770 scdulo
1166 3705 1366 3771 imbui
1424 3716 1491 3770 et
1549 3707 1831 3790 erudiri,
1895 3707 2129 3772 iccirco
2174 3706 2419 3771 collatis
2464 3704 2637 3769 inter

231 3802 374 3866 Vos
433 3801 718 3866 consiliis
779 3804 952 3868 omni
1015 3804 1228 3870 studio
1282 3807 1671 3894 prospicite,
1734 3815 1809 3871 ut
1864 3807 1934 3871 in
1978 3805 2209 3871 vestris
2256 3805 2633 3872 Seminariis

231 3910 532 3966 accurata
593 3903 675 3966 sit
727 3904 1200 3970 ecclesiasticae
1262 3903 1661 3972 educationis
1724 3907 1926 3990 ratic,
1986 3916 2053 3971 et
2106 3929 2181 3971 ea
2240 3905 2630 3994 optimorum

227 4001 600 4066 studiorum
637 4003 857 4090 vigeat
898 4006 1264 4089 methoduS,
1315 4028 1479 4092 quae
1522 4029 1763 4090 rerum,
1811 4017 2179 4096 temporum
2222 4029 2297 4070 ac
2337 4006 2627 4069 locorum

231 4102 580 4190 perpensis
621 4103 940 4188 adjunctis
977 4114 1042 4169 et
1071 4107 1385 4192 majorem
1413 4106 1747 4172 Ecclesiae
1781 4107 2122 4171 utilitatem
2152 4128 2385 4194 parere
2409 4104 2634 4193 possit,
2718 4154 2723 4159 -

229 4225 307 4266 ac
349 4203 548 4266 simul
591 4203 848 4287 efficiat,
888 4214 964 4268 ut
987 4204 1219 4270 Olerus
1265 4206 1531 4272 salutari
1572 4207 1907 4291 solidaque
1940 4205 2209 4270 scientia
2234 4229 2308 4270 ac
2341 4206 2631 4272 doctrina

229 4303 662 4389 praefulgeat.
758 4303 839 4368 In
901 4305 1254 4390 seligendis
1297 4315 1513 4370 autem
1550 4305 2061 4394 professoribuS,
2127 4327 2241 4370 seu
2286 4306 2631 4392 magistriS,

229 4403 638 4489 singularem
679 4403 1084 4489 diligentiam
1130 4415 1195 4469 et
1233 4406 1635 4492 vigilantiam
1678 4406 1985 4472 adhibete
2002 4454 2023 4490 ,
2072 4415 2137 4472 et
2178 4406 2631 4494 gravissimum

231 4502 510 4570 docendi
557 4525 792 4568 munus
838 4504 1038 4570 nolite
1081 4527 1365 4590 unquam
1411 4506 1851 4590 committere,
1910 4507 2036 4573 nisi
2078 4507 2237 4574 viris
2252 4557 2273 4592 ,
2318 4507 2428 4596 qui
2472 4508 2625 4575 reli-
