2959 4984
591 335 710 386 ΧΠ.
786 335 1150 388 FRIDERICI
1188 337 1251 387 11.
1290 335 1772 390 CONSTITUTIO
1810 340 1874 390 A.
1911 339 2067 394 1220.
2471 341 2540 396 83

127 496 453 574 libertate.
522 495 697 562 Sane
741 497 906 562 adeo
950 497 1315 562 infidelium
1360 497 1764 582 quorundam
1807 509 1873 564 et
1914 521 2372 587 perversorum
2417 503 2536 578 ini-

129 597 341 681 quitas
381 596 812 679 habundavit,
856 606 929 661 ut
969 620 1101 661 non
1148 597 1477 680 dubitent,
1525 608 1746 663 contra
1787 601 2204 687 apostolicam
2252 600 2532 688 discipli·

125 719 280 762 nam
338 705 406 783 et
465 719 677 761 sacros
742 718 1019 762 canones
1036 747 1055 780 ,
1123 721 1237 761 sua
1284 707 1516 762 statuta
1559 698 1934 784 confingere
1978 699 2288 764 adversus
2329 701 2532 766 eccle-

124 797 419 864 siasticas
460 818 771 884 personas
816 806 881 860 et
926 797 1199 884 ecclesie
1238 797 1622 864 libertatem.
1709 796 1876 864 Cum
1907 821 2068 884 ergo
2101 801 2374 865 ecclesia
2405 824 2528 886 que

124 897 335 968 nichil
378 897 575 963 debet
615 905 838 984 preter
878 898 1120 961 bonum
1161 907 1493 986 appetere,
1540 898 1961 986 dispositione
2003 899 2220 964 divina
2257 900 2532 966 faciente

123 997 332 1062 nichil
371 997 534 1062 velit
578 997 753 1082 quod
794 996 979 1062 nobis
1014 996 1247 1062 eodem
1287 1021 1477 1063 cursu
1520 999 1922 1064 voluntatum
1961 1021 2093 1064 non
2121 1001 2390 1088 placeat,
2419 1023 2538 1066 nos

123 1097 509 1163 Fridericus
534 1097 666 1162 Dei
706 1097 914 1182 gratia
936 1098 1377 1165 Romanorum
1410 1099 1766 1187 imperator
1809 1107 1875 1163 et
1915 1121 2173 1187 semper
2204 1111 2533 1187 augustus,

124 1199 251 1262 hac
300 1196 558 1262 edictali
601 1198 755 1283 lege
798 1197 1158 1282 irritamus,
1232 1208 1298 1264 et
1338 1199 1734 1288 precipimus
1781 1199 1962 1264 irrita
2003 1201 2279 1266 nuntiari
2327 1203 2538 1268 omnia

124 1289 370 1363 statuta
418 1307 485 1362 et
530 1299 1031 1364 consuetudines
1080 1321 1204 1384 que
1253 1299 1538 1364 civitates
1585 1301 1692 1365 vel
1737 1301 1918 1382 loca,
1969 1310 2340 1388 potestates,
2385 1325 2532 1366 con-

124 1399 345 1481 suleS,
422 1399 531 1462 vel
594 1387 998 1484 quecumque
1064 1400 1187 1464 alie
1252 1422 1532 1487 persone
1589 1410 1810 1466 contra
1882 1401 2208 1466 libertates
2261 1401 2534 1466 ecclesie

124 1523 199 1565 ac
244 1519 560 1586 personas
606 1499 1068 1564 ecclesiasticas
1098 1497 1315 1582 edere,
1356 1501 1463 1564 vel
1499 1523 1758 1565 servare
1797 1508 2191 1590 temptarunt
2223 1501 2536 1566 adversus

128 1599 473 1664 canonicas
517 1599 625 1662 vel
666 1598 1034 1686 imperiales
1080 1599 1441 1664 sanctiones
1461 1650 1480 1682 ,
1545 1609 1612 1664 et
1653 1623 1727 1664 ea
1776 1600 1857 1664 de
1903 1601 2352 1688 capitularibus
2397 1601 2529 1666 suis

124 1699 515 1766 mandamus
557 1699 723 1764 infra
759 1699 923 1763 duos
954 1722 1209 1764 menses
1241 1709 1389 1787 post
1410 1701 1781 1765 huiusmodi
1809 1701 2312 1788 publicationem
2342 1702 2534 1767 edicti

120 1799 395 1892 vpenitus
433 1798 717 1881 aboleri3
760 1807 825 1863 et
864 1799 919 1864 si
964 1799 1047 1866 cle
1088 1810 1306 1866 cetero
1352 1800 1585 1865 similia
1626 1802 2164 1889 attemptaverint,
2206 1802 2349 1890 ipso
2392 1791 2532 1868 iure

130 1901 549 1965 decernimus
598 1922 741 1964 esse
785 1900 981 1982 nulla,
1024 1909 1090 1967 et
1139 1921 1252 1966 eos
1298 1921 1412 1964 sua
1454 1899 1895 1965 iurisdictione
1939 1900 2242 1988 privatos,
2283 1923 2537 1966 necnon

126 2002 347 2066 locum
409 2000 523 2065 ubi
568 1999 873 2088 deinceps
920 2001 1069 2064 talia
1110 2009 1488 2088 presumpta
1528 2000 1770 2064 fuerint
1815 2002 2026 2065 banno
2070 2001 2248 2066 mille
2294 2025 2534 2068 marca-

126 2125 275 2166 rum
322 2095 723 2188 precipimus
767 2101 1120 2167 subiacere.
1198 2100 1572 2180 ,Potestates
1612 2123 1806 2182 vero,
1852 2102 2180 2185 c'onsules,
2225 2112 2533 2185 rectoreS,

128 2199 481 2282 statutarii,
527 2209 593 2264 et
633 2201 977 2288 scriptores
1024 2201 1340 2265 dictorum
1386 2207 1800 2283 statutorum,
1846 2222 1968 2266 nec
2011 2223 2143 2266 non
2186 2202 2528 2267 consiliarii

128 2303 430 2368 locorum
494 2299 785 2387 ipsorum
849 2301 957 2385 qui
1010 2299 1366 2365 secundum
1427 2308 1660 2364 statuta
1703 2302 1809 2365 vel
1853 2300 2354 2366 consuetudines
2399 2321 2531 2366 me-

130 2411 415 2468 moratas
459 2389 904 2483 iudicaverint,
950 2401 1076 2465 sint
1117 2410 1355 2466 extunc
1396 2399 1540 2488 ipso
1581 2400 1720 2465 iure
1751 2400 2043 2482 infameS,
2089 2423 2366 2485 quorum
2395 2422 2536 2465 sen-

136 2501 375 2566 tentias
420 2509 490 2564 et
527 2510 703 2566 actus
743 2501 897 2566 alias
943 2501 1270 2588 legitimos
1319 2501 1654 2568 statuimus
1697 2500 2096 2584 aliquatenus
2134 2522 2268 2565 non
2295 2510 2541 2565 tenere.

136 2602 276 2686 Qui
317 2601 375 2666 si
416 2621 539 2689 per
577 2624 815 2668 annum
853 2602 1041 2667 huius
1086 2611 1306 2668 nostre
1348 2602 1818 2668 constitutionis
1843 2601 2091 2666 inventi
2117 2601 2357 2666 fuerint
2389 2622 2535 2665 con-

132 2711 517 2789 temptores,
558 2703 726 2766 bona
767 2723 991 2767 eorum
1030 2724 1151 2791 per
1196 2713 1401 2768 totum
1446 2711 1740 2768 nostrum
1780 2701 2124 2789 imperium
2162 2701 2537 2768 mandamus

132 2804 403 2892 impune
444 2804 525 2867 ab
568 2802 861 2868 omnibus
903 2803 1223 2892 occupari,
1268 2802 1459 2868 salvis
1503 2802 1956 2870 nichilominus
2000 2801 2141 2867 aliis
2171 2801 2356 2889 penis
2390 2823 2536 2865 con·

134 2915 234 2969 tra
278 2904 445 2968 tales
488 2903 557 2968 in
599 2902 893 2987 generali
942 2902 1215 2974 concilio
1254 2903 1719 2990 promulgatis..

304 3002 368 3066 2.
452 3001 621 3066 Item
663 3002 843 3066 nulla
884 3002 1303 3078 communitas
1344 3003 1453 3068 vel
1494 3024 1790 3090 persona,
1830 3001 2089 3090 publica
2129 3003 2236 3066 vel
2269 3001 2538 3089 privata,

134 3102 445 3168 collectas
488 3102 625 3166 sive
666 3101 1059 3185 exactiones,
1102 3103 1399 3189 angarias
1429 3103 1537 3167 vel
1562 3102 2003 3191 perangarias,
2050 3100 2342 3166 ecclesiis
2370 3099 2538 3166 aliis·

136 3223 263 3288 que
306 3201 431 3289 piis
476 3200 636 3267 locis
678 3211 788 3267 aut
832 3203 1279 3282 ecclesiasticis
1322 3201 1616 3290 personis
1659 3203 2031 3290 imponant,
2078 3210 2189 3266 aut
2227 3200 2536 3266 invadere

134 3300 573 3368 ecclesiastica
628 3303 798 3368 bona
855 3313 1266 3390 presumant3
1333 3302 1511 3388 quod
1572 3302 1625 3368 si
1681 3301 1955 3367 fecerint
2017 3310 2081 3366 et
2122 3300 2415 3386 requisiti
2459 3301 2538 3364 ab

136 3401 416 3468 ccclesia
454 3400 563 3467 vel
599 3401 874 3490 imperio
914 3402 1263 3468 emendare
1305 3402 1834 3491 contempserint,
1876 3401 2143 3489 triplum
2173 3400 2538 3482 refundant,

140 3512 207 3568 et
256 3501 713 3571 nichilominus
753 3505 964 3569 banno
1007 3503 1327 3592 imperiali
1371 3491 1778 3586 subiaceant,
1848 3502 2023 3588 quod
2065 3504 2308 3586 absque
2357 3501 2538 3567 satis—

136 3602 420 3670 factione
466 3602 683 3668 debita
724 3602 1090 3668 nullatenus
1132 3603 1516 3668 remittatur.

309 3705 373 3770 3.
456 3703 627 3769 Item
686 3725 1090 3790 quecumque
1154 3703 1575 3769 communitas
1633 3703 1742 3768 vel
1797 3723 2074 3790 persona
2129 3721 2251 3788 per
2295 3721 2534 3766 annum

138 3805 209 3870 in
254 3803 919 3870 excommunicatione
963 3811 1233 3892 propter
1266 3803 1632 3871 libertatem
1671 3801 1946 3867 ecclesie
1978 3800 2144 3866 facta
2169 3800 2542 3890 perstiterit,

138 3905 285 4021 ipso
328 3903 473 3968 iure
515 3901 847 3992 imperiali
879 3906 1091 3970 banno
1134 3897 1474 3987 subiaceat,
1523 3927 1560 3968 a
1595 3916 1720 3989 quo
1752 3901 2134 3968 nullatenus
2151 3900 2540 3984 extrahatur,

134 4004 260 4070 nisi
304 4003 485 4092 prius
524 4006 603 4070 ab
647 4004 921 4070 ecclesia
958 4004 1276 4071 beneficio
1316 4003 1738 4070 absolutionis
1785 4004 2070 4069 obtento.

302 4106 368 4169 4.
458 4100 812 4170 Statuimus
856 4113 1106 4187 autem,
1170 4114 1243 4170 ut
1284 4104 1500 4172 nullus
1546 4103 2040 4170 ecclesiasticam
2083 4071 2429 4190 personam
2475 4101 2544 4166 in

138 4204 455 4270 criminali
502 4205 839 4290 questione
881 4203 991 4270 vel
1030 4205 1201 4272 civili
1245 4204 1504 4270 trahere
1549 4203 1634 4269 ad
1675 4203 1984 4270 iudicium
2048 4202 2337 4268 seculare
2392 4225 2539 4291 pre-

139 4314 381 4387 sumat,
442 4313 663 4371 contra
720 4305 1207 4372 constitutiones
1250 4303 1624 4393 imperiales
1669 4315 1734 4370 et
1777 4304 2113 4370 canonicas
2154 4303 2538 4370 sanctiones,

140 4406 343 4490 Quod
388 4405 444 4472 si
480 4406 746 4489 fecerit,
812 4415 989 4472 actor
1030 4429 1067 4470 a
1109 4406 1250 4472 iure
1296 4429 1413 4472 suo
1460 4405 1678 4488 cadat,
1736 4404 2086 4470 iudicatum
2127 4427 2260 4470 non
2305 4415 2540 4490 teneat,

136 4517 206 4574 ct
246 4506 455 4575 iudex
498 4505 585 4576 sit
624 4527 712 4573 ex
753 4515 908 4572 tunc
954 4505 1283 4573 iudicandi
1322 4513 1642 4594 potestate
1687 4503 1992 4592 privatus,
