2959 4984
385 269 496 326 4⁷⁶
635 255 906 322 nxxvn.
979 267 1224 322 nunna
1260 269 1402 322 ruo
1439 269 1688 324 necno
1724 269 2217 326 noscovmco
2256 272 2321 324 A.
2358 266 2519 326 1848.

389 435 688 502 ciendam
705 481 728 520 ,
769 444 838 500 et
879 433 966 500 ad
1007 433 1134 500 alia
1161 431 1476 518 cujusque
1516 431 1783 519 generis
1826 431 2047 498 divino
2082 431 2284 498 cultui
2320 431 2633 498 decenter
2672 453 2789 496 ex-

393 533 674 602 ercendo
721 534 1086 602 necessaria
1133 533 1396 600 omnino
1443 532 1865 618 requiruntur
1878 583 1899 618 ,
1974 553 2097 598 nec
2146 555 2280 598 non
2334 554 2457 620 pro
2500 531 2787 598 Dioece-

385 657 541 702 sano
587 631 958 702 Seminario
1001 633 1320 722 erigendo
1374 640 1442 698 et
1484 633 1929 698 conservando
1974 630 2521 718 quemadmodum
2562 631 2633 696 in
2678 651 2788 696 ce-

383 735 542 800 teris
577 733 1006 800 Dioecesibus
1055 734 1174 800 dos
1216 733 1620 818 assignetur,
1686 753 1849 818 quae
1896 744 2115 800 tamen
2154 731 2451 798 omnibus
2495 730 2788 800 Dioece-

387 836 476 902 sis
518 833 1006 902 necessitatibus
1047 833 1243 922 plene
1287 830 1705 920 respondeat.

545 935 878 1004 Edicimus
923 944 1140 1000 taxam
1167 932 1544 1022 Episcopali
1588 930 1855 998 Mensae
1880 927 2318 996 Chersonensi
2359 930 2792 1016 irrogandam

385 1056 528 1102 esse
574 1035 814 1102 debere
851 1035 924 1102 in
963 1023 1232 1102 florenis
1271 1031 1412 1098 auri
1452 1031 1535 1098 de
1584 1027 1857 1098 Camera
1900 1029 2168 1114 triginta
2211 1030 2417 1096 tribus
2462 1053 2609 1096 cum
2648 1042 2792 1098 ter-

378 1137 468 1202 tia
510 1135 805 1222 ejusdem
835 1134 1084 1202 fior-eni
1124 1141 1310 1221 parte
1339 1183 1360 1218 ,
1405 1153 1603 1216 quam
1644 1139 1861 1196 taxam
1902 1130 1973 1196 in
2016 1127 2289 1196 Camere
2332 1129 2791 1220 Apostolieae,

382 1244 448 1300 et
485 1231 558 1302 S.
605 1234 892 1321 Oollegii
933 1232 1120 1300 libris
1163 1253 1250 1298 ex
1287 1252 1470 1298 more
1508 1229 1993 1298 inscribendam
2034 1250 2176 1296 esse
2225 1229 2621 1296 mandamus.

548 1333 646 1402 Ut
693 1343 908 1402 autem
971 1332 1242 1420 quisque
1287 1331 1587 1396 Antistes
1637 1329 1943 1417 propriae
1998 1327 2334 1396 Ecclesiae
2376 1328 2791 1414 jurisdictio·

381 1455 532 1502 nem
572 1455 950 1522 agnoscere,
997 1441 1062 1498 et
1099 1431 1278 1498 illam
1311 1439 1608 1496 accurate
1650 1449 1964 1496 exercere
2024 1438 2218 1514 queat
2226 1481 2247 1514 ,
2297 1429 2523 1496 harum
2564 1427 2787 1496 Litte-

381 1555 601 1601 rarum
623 1531 1066 1618 Exsequutori
1113 1529 1591 1612 committimus,
1629 1539 1703 1594 ut
1743 1529 1885 1618 ipse
1916 1529 2229 1618 separatis
2254 1528 2555 1596 Decretis
2578 1529 2794 1616 hujus

383 1631 804 1722 Apostolicae
829 1629 1026 1700 Sedis
1048 1629 1320 1718 judicic,
1363 1637 1430 1696 et
1470 1629 1787 1696 sanctioni
1822 1639 2052 1718 postca
2094 1627 2509 1713 subjiciendis
2550 1651 2793 1696 nume—

379 1755 558 1816 rum,
621 1730 1214 1799 denominationem
1231 1779 1252 1815 ,
1297 1739 1366 1796 et
1405 1729 1571 1798 fines
1620 1729 2089 1796 Paroeciarum
2132 1750 2301 1814 quae
2354 1727 2439 1794 ad
2483 1729 2793 1816 singulas

388 1853 674 1918 quasque
695 1830 1052 1900 Dioeceses
1095 1837 1411 1919 spectant,
1458 1828 1959 1916 diligentissime
2013 1838 2369 1898 recenseat.
2420 1827 2583 1896 Cum
2606 1851 2787 1898 vero

381 1939 688 1998 statutum
729 1929 929 1996 fuerit
969 1927 1306 1998 Coenobia
1319 1979 1340 2016 ,
1385 1938 1452 1994 et
1495 1929 1893 1998 Monasteria
1932 1937 2071 1994 tum
2109 1929 2419 2014 virorum,
2458 1939 2595 1994 tum
2632 1951 2792 1994 mu-

380 2030 616 2098 lierum
668 2029 740 2096 in
800 2029 1104 2098 universo
1163 2029 1543 2098 Russiarum
1588 2029 1879 2117 Imperio
1942 2051 2119 2096 nunc
2178 2028 2521 2097 existentia
2575 2026 2794 2113 (quae

381 2153 578 2220 supra
615 2139 875 2200 centum
915 2129 1356 2220 reperiuntur)
1401 2129 1661 2196 omnino
1686 2151 1829 2196 esse
1852 2129 2191 2214 servanda,
2232 2139 2427 2216 atque
2454 2127 2565 2194 illa
2592 2127 2795 2194 dein-

383 2253 536 2320 ceps
579 2229 876 2296 imminui
915 2251 1268 2316 numquam
1295 2251 1513 2318 posse‚
1554 2231 1798 2315 absque
1828 2229 2109 2319 praevia,
2152 2237 2219 2294 et
2246 2250 2551 2318 expressa
2578 2228 2795 2296 huius

385 2328 458 2400 S.
505 2329 700 2398 Sedis
757 2330 1136 2404 auctoritate
1157 2381 1178 2414 ,
1243 2330 1457 2396 eidem
1498 2329 1943 2415 Exsequutori
1998 2328 2521 2396 commendamus
2576 2336 2797 2414 atque

389 2431 818 2522 praecipimus
835 2481 855 2516 ,
913 2440 986 2496 ut
1040 2430 1112 2494 in
1161 2428 1396 2494 iisdem
1435 2428 1739 2498 Decretis
1786 2451 2045 2514 ‚summa
2104 2427 2446 2516 diligentia
2490 2441 2797 2519 exponat

391 2529 568 2616 quod
609 2529 772 2594 inibi
815 2537 1040 2594 extent
1071 2528 1422 2614 Coenobia,
1463 2529 1575 2594 vel
1614 2527 2030 2614 Monasteria‚
2076 2537 2143 2597 et
2178 2537 2472 2594 accurate
2514 2539 2801 2596 enarret

381 2630 452 2696 in
513 2630 748 2714 quibus
803 2627 1098 2718 oppidis,
1157 2629 1230 2693 in
1271 2651 1398 2714 qua
1435 2628 1747 2696 Dioecesi
1791 2629 2107 2712 existant,
2176 2635 2243 2693 et
2285 2629 2467 2716 cujus
2508 2627 2801 2714 ordinis,

337 2807 360 2826 ο
377 2729 560 2814 ritus,
599 2730 1076 2815 nominationis,
1117 2738 1186 2794 et
1223 2730 1503 2818 regulae
1544 2729 1693 2814 sint,
1734 2739 1801 2796 et
1842 2739 1999 2815 quot
2036 2750 2354 2818 personae
2394 2727 2465 2794 in
2488 2749 2802 2814 unoquo-

385 2851 512 2916 que
557 2827 890 2897 Coenobio
911 2881 932 2914 ,
995 2838 1061 2896 et
1100 2827 1499 2900 Monasterio
1544 2839 1889 2899 versentur
1905 2880 1924 2913 ,
1970 2849 2135 2914 quae
2176 2828 2557 2916 religiosum
2592 2829 2800 2896 insti-

381 2938 592 2996 tutum
636 2929 762 2996 rite
811 2929 1256 3018 profiteantur.
1342 2930 1625 3018 Insuper
1666 2931 1989 3013 volumus,
2028 2938 2105 2994 ut
2142 2929 2321 2996 idem
2360 2929 2804 3014 Exsequutor

383 3028 456 3094 in
495 3027 730 3094 iisdem
751 3029 1052 3096 Decretis
1096 3030 1238 3118 pari
1281 3030 1629 3098 sedulitate
1670 3030 1973 3096 enunciet
2010 3029 2533 3112 nominationem,
2579 3037 2647 3093 et
2674 3053 2797 3096 re-

383 3126 726 3194 sidentiam
773 3129 1062 3194 omnium
1103 3128 1725 3217 Suffraganeatuum
1737 3179 1758 3213 ,
1822 3129 1932 3216 qui
1974 3140 2234 3218 praesto
2276 3128 2591 3213 habendi,
2640 3151 2800 3198 ser·

380 3225 704 3314 vandique
761 3237 912 3294 sunt
967 3252 1089 3317 pro
1149 3230 1426 3318 singulis
1481 3229 1997 3300 commemoratis
2036 3228 2351 3298 Ecclesiis
2376 3278 2396 3314 ,
2466 3228 2675 3295 velufi
2716 3231 2797 3298 in

379 3328 896 3396 commemoratis
938 3329 1336 3418 Apostolicis
1379 3330 1649 3396 Litteris
1682 3329 1787 3396 Pii
1834 3330 1952 3396 VI.
1994 3328 2309 3398 sancitum
2348 3329 2489 3396 fuit.

545 3425 642 3494 Ut
681 3437 898 3494 autem
941 3430 1156 3496 omnia
1193 3438 1268 3495 ut
1301 3453 1501 3518 supra
1540 3438 1775 3498 statuta
1812 3430 1971 3514 rite,
2008 3429 2323 3515 feliciter,
2364 3438 2555 3515 atque
2601 3433 2797 3500 cele-

375 3527 533 3594 riter
595 3526 679 3593 ad
736 3527 1206 3618 optatissimum
1267 3530 1523 3596 exitum
1578 3529 2057 3618 perducantur,
2128 3529 2463 3596 Dilectum
2530 3529 2798 3600 Filium

381 3625 708 3712 Ignatium
749 3625 1162 3696 Holowinski
1213 3630 1495 3697 electum
1536 3629 1936 3720 Episcopum
1980 3625 2419 3698 Oaristensem
2456 3629 2525 3697 in
2566 3629 2797 3700 Par-fi·

377 3724 498 3793 bus
541 3725 918 3792 Infidelium
978 3736 1045 3792 et
1087 3727 1593 3814 suffraganeum
1611 3781 1631 3814 ,
1692 3754 1767 3796 ac
1828 3728 2294 3816 coadjutorem
2352 3753 2497 3796 cum
2557 3730 2801 3800 futura

332 3884 336 3888 .
383 3825 788 3892 successione
857 3825 1360 3916 Archiepiscopi
1416 3827 1907 3896 Mobiloviensis
1969 3827 2043 3894 in
2102 3829 2333 3894 harum
2384 3829 2796 3900 Litterarum

375 3924 902 4012 Exsequutorem
946 3927 1270 4014 eligimus,
1319 3929 1789 4013 constituimus,
1835 3939 1901 3994 et
1944 3927 2363 4017 deputamus,
2406 3929 2595 4016 eique
2636 3952 2792 3999 om-

377 4045 494 4090 nes
527 4034 920 4114 opportunas
963 4035 1030 4091 et
1067 4028 1462 4095 necessarias
1506 4027 1843 4101 facultates
1887 4027 2227 4096 tribuimus
2242 4080 2263 4113 ,
2304 4038 2379 4094 ut
2420 4029 2629 4094 omnia
2670 4053 2791 4096 su-

372 4147 494 4214 pra
538 4123 848 4213 disposita
875 4147 1223 4215 peragere,
1265 4136 1575 4213 statuere,
1618 4137 1685 4193 et
1727 4128 2085 4196 decernere
2118 4128 2419 4218 delegata
2444 4129 2567 4196 sibi
2585 4129 2785 4220 Apo-

381 4223 604 4290 stolica
648 4226 1032 4292 auctoritate
1069 4226 1316 4311 libere,
1356 4250 1432 4292 ac
1473 4228 1649 4294 licite
1690 4229 1923 4318 possit,
1964 4238 2030 4296 et
2066 4229 2319 4314 valeat,
2360 4239 2551 4316 atque
2596 4230 2793 4300 insu-

377 4345 496 4410 per
539 4323 752 4391 eidem
793 4324 1054 4396 Dilecto
1093 4325 1262 4392 Filio
1303 4327 1563 4414 Ignatio
1608 4328 1979 4398 facultatem
2020 4330 2293 4396 facimus
2313 4381 2334 4416 ,
2404 4339 2479 4396 ut
2509 4330 2595 4398 ad
2632 4332 2790 4419 ple-

375 4444 524 4486 nam
566 4443 786 4488 rerum
829 4425 1118 4494 omnium
1165 4429 1707 4514 exsequutionem
1751 4429 1860 4496 vel
1897 4452 2131 4512 unam,
2210 4430 2319 4494 vel
2358 4431 2581 4518 plures
2624 4455 2789 4518 per-
