2959 4984
409 287 516 342 502
951 283 1195 336 Lxxlx.
1269 283 1521 337 ntem
1526 285 1619 338 AB
1649 283 2227 338 GANCBLLARIAE·

411 449 828 532 monasterio,
868 449 978 514 vel
1017 449 1150 514 alio
1191 449 1485 536 regulari
1528 449 1675 515 loco
1726 449 2169 538 dependente,
2210 447 2564 538 provideri,
2604 459 2694 514 et
2716 472 2823 538 ap-

411 562 642 640 pareat
701 573 788 616 ex
842 548 1160 638 petitione
1215 549 1587 634 hujusmodi
1606 596 1629 631 ,
1685 549 1863 635 quod
1918 549 2189 615 alterius
2246 551 2669 632 monasterii,
2716 552 2825 616 vel

417 651 544 718 loci
593 651 946 738 relig-iosus
987 648 1110 732 sit,
1151 649 1310 714 licet
1351 649 1444 714 ibi
1484 649 1821 715 mnslatio
1862 671 1995 714 non
2036 659 2343 738 petatur,
2398 650 2829 716 nihilominus

413 751 530 817 illa
569 749 809 815 veniat.

579 849 639 931 ξ.
679 849 783 915 61.
865 849 1076 932 Item,
1133 847 1310 933 quod
1347 847 1418 912 in
1460 848 1669 912 literis
1706 869 1905 936 super
1962 849 2305 915 beneficiis
2348 867 2471 936 per
2510 851 2827 914 constitu-

411 949 659 1016 tionem
703 947 1136 1032 Execrabilis,
1159 950 1539 1014 vacantibus
1584 957 1861 1036 ponatur
1888 949 2203 1033 clausula,
2242 947 2321 1014 Si
2351 959 2457 1012 est
2496 950 2611 1030 ita,
2656 949 2829 1012 simi-

413 1051 564 1116 liter
607 1049 692 1114 de
723 1049 1236 1136 quibuscumque
1261 1049 1541 1114 narratis
1564 1049 2093 1114 informationem
2132 1049 2287 1114 facti
2316 1049 2827 1132 requirentibus.

585 1151 646 1231 §-
691 1149 794 1216 62.
879 1151 1052 1216 Item
1089 1149 1336 1236 petenti
1383 1149 1507 1215 sibi
1550 1148 1885 1237 provideri
1936 1147 2023 1213 de
2068 1157 2418 1231 vacaturo,
2474 1148 2721 1213 dentur
2756 1148 2829 1210 li-

415 1261 594 1316 terae
635 1249 720 1314 de
759 1249 1032 1332 vacanti,
1077 1257 1276 1336 prout
1317 1249 1735 1337 expedierint
1778 1247 2174 1338 impetranti.

587 1351 648 1432 ξ.
691 1351 794 1416 63.
879 1349 1048 1414 Item
1093 1349 1428 1414 revocavit
1456 1369 1901 1434 quascumque
1931 1348 2353 1430 decimarum,
2394 1367 2663 1412 necnon
2686 1349 2831 1412 sub-

421 1450 756 1532 sidiorum,
795 1449 1181 1535 vigesimae,
1223 1457 1288 1512 et
1333 1448 1613 1514 aliorum
1658 1469 1931 1514 onerum
1974 1446 2425 1536 impositiones
2470 1467 2561 1511 ex
2604 1447 2831 1531 quavis

420 1571 616 1618 causa
657 1559 986 1616 emanatas
1025 1550 1186 1633 (non
1225 1559 1458 1614 tamen·
1479 1547 1905 1628 decimarum,
1948 1547 2408 1633 subsidiorum,
2454 1556 2527 1610 et
2558 1567 2829 1612 onerum

419 1649 870 1740 impositorum
925 1670 1012 1713 ex
1049 1649 1276 1734 quavis
1323 1669 1548 1731 causa,
1608 1657 1678 1714 et
1716 1649 2065 1714 occasione
2110 1647 2557 1737 expeditionis
2602 1658 2830 1716 contra

421 1751 683 1816 turchas
699 1799 720 1833 ,
786 1759 854 1814 et
909 1749 1315 1815 orthodoxae
1371 1749 1530 1813 fidei
1593 1747 1843 1834 hostes)
1888 1758 1957 1813 et
1998 1770 2441 1834 quascumque
2484 1751 2833 1815 facultates

428 1870 627 1938 super
673 1848 1076 1914 decimarum
1093 1900 1114 1934 ,
1167 1847 1527 1936 vigesimae
1542 1897 1563 1931 ,
1624 1856 1693 1913 et
1728 1868 2003 1914 onerum
2047 1848 2419 1933 hujusmodi
2466 1849 2829 1928 exactione,

424 1949 758 2033 quibusvis
816 1947 1148 2014 fructuum
1163 1996 1183 2032 ,
1255 1959 1322 2014 et
1369 1957 1806 2037 proventuum
1850 1946 2169 2016 Gamerae
2211 1949 2609 2036 apostolicae
2660 1947 2832 2013 debi-

419 2059 633 2116 torum
691 2048 1152 2114 collectoribus
1171 2097 1192 2132 ,
1261 2059 1326 2113 et
1375 2049 1803 2138 Apostolicae
1846 2047 2047 2115 Sedis
2108 2049 2365 2114 nunciis
2422 2050 2509 2114 ab
2568 2049 2829 2114 eisdem

424 2147 1042 2238 praedecessoribus
1083 2173 1447 2218 concessas.
1497 2148 1861 2236 Suspendit
1903 2144 2185 2234 quoque,
2224 2148 2318 2214 ad
2350 2146 2527 2215 Suae
2570 2145 2829 2214 Sancti--

422 2248 574 2316 tatis
591 2299 611 2334 ,
657 2257 722 2314 et
763 2246 964 2316 Sedis
1007 2250 1405 2338 apostolicae
1445 2249 1935 2337 beneplacitum
1951 2299 1973 2333 ,
2018 2269 2461 2334 quascumque
2503 2248 2829 2337 plenarias

423 2349 868 2438 indulgentias
909 2352 992 2416 ab
1033 2350 1284 2416 eisdem
1326 2350 1946 2438 praedecessoribus
1988 2369 2076 2414 ex
2116 2349 2343 2434 quavis
2386 2367 2583 2414 causa
2634 2349 2826 2414 etiam

423 2451 860 2539 expeditionis
899 2450 1294 2536 hujusmodi,
1337 2451 1392 2514 si
1435 2469 1603 2534 quae
1646 2470 1767 2536 per
1809 2449 2106 2533 nuncios,
2148 2450 2259 2514 vel
2300 2459 2686 2534 quaestores
2722 2449 2825 2514 de-

419 2551 796 2616 ferebantur
833 2571 1198 2631 concessas,
1245 2570 1505 2614 necnon
1544 2547 1925 2637 deputandi,
1970 2557 2039 2613 et
2076 2548 2371 2636 eligendi
2396 2549 2822 2631 confusam-ee,

425 2645 561 2736 qui'
576 2653 870 2739 plenarie
910 2651 1250 2716 absolvant
1269 2699 1290 2734 ,
1361 2659 1430 2715 et
1468 2651 1599 2715 alia
1644 2651 1887 2716 faciant
1930 2651 2014 2714 ad
2056 2651 2437 2716 earumdem
2476 2649 2819 2736 indulgen·

422 2751 656 2815 tiarum
705 2771 1162 2838 suspensurum
1193 2751 1522 2834 effectum,
1562 2751 1979 2836 reliquasque
2009 2751 2371 2834 facultates,
2411 2753 2585 2839 ipsas
2614 2749 2825 2816 indul-

423 2849 676 2935 gentias
726 2850 1214 2933 quomodolibet
1257 2859 1727 2916 concernentes
1748 2897 1769 2932 ‚
1835 2862 2293 2938 praeterquam
2340 2851 2556 2936 quoad
2600 2871 2714 2933 ea,
2758 2849 2822 2912 in

429 2945 658 3034 quibus
701 2948 1171 3035 indulgentiae,
1217 2959 1284 3015 et
1327 2949 1665 3015 facultates
1704 2949 1779 3014 in
1818 2951 2039 3035 aliqua
2062 2951 2163 3015 sui
2186 2961 2374 3040 parte
2400 2951 2531 3015 sint
2556 2951 2821 3016 sortitae

426 3046 750 3112 effectum.
811 3048 914 3113 Ita
954 3057 1026 3113 ut
1067 3049 1217 3132 illis,
1261 3050 1372 3135 qui
1415 3051 1763 3139 implentes
1802 3051 2095 3136 injuncta
2138 3051 2234 3118 eis
2272 3051 2343 3116 in
2366 3050 2579 3116 literis
2604 3051 2819 3116 Indul-

427 3145 796 3233 gentiarum
852 3149 1226 3236 hujusmodi
1275 3151 1414 3235 jam
1469 3151 1854 3236 consequuti
1910 3159 2061 3214 sunt
2116 3151 2495 3216 facultatem
2536 3151 2821 3240 eligendi

429 3247 868 3331 confessores,
931 3251 1041 3334 qui
1094 3249 1434 3315 absolvant
1473 3271 1587 3316 eos
1631 3251 1927 3338 plenarie
1965 3251 2035 3315 in
2072 3251 2300 3318 mortis
2341 3253 2655 3334 articulo,
2712 3271 2823 3340 per

427 3347 799 3431 hujusmodi
847 3351 1338 3437 suspensionem
1379 3373 1513 3416 non
1556 3350 2077 3440 praejudicetur,
2135 3351 2295 3436 >quin
2324 3351 2656 3418 'facultate
2690 3354 2820 3440 ipsa
2943 3407 2944 3412 ,

428 3447 525 3512 uti
566 3446 816 3535 possint
855 3450 923 3512 in
962 3449 1281 3514 futurumz
1326 3451 1647 3516 Decrevit
1689 3471 1949 3536 quoque
1990 3453 2264 3535 irritum,
2306 3461 2374 3516 et
2411 3453 2608 3518 inane
2652 3453 2817 3539 quic-

433 3547 589 3633 quid
647 3548 1029 3614 facultatum
1083 3558 1536 3615 revocatarum
1582 3549 1937 3617 earundem
1975 3561 2354 3640 praetextu,
2422 3553 2817 3640 inposterum

435 3650 788 3736 contigerit
831 3651 1152 3714 attentari.

599 3752 658 3831 ξ.
701 3751 804 3814 64.
891 3749 1060 3814 Item
1099 3750 1448 3832 revocavit
1496 3749 1795 3834 cassavit,
1838 3760 1905 3814 et
1936 3749 2313 3833 annullavit,
2360 3771 2435 3816 ae
2476 3753 2691 3817 irritas
2722 3752 2819 3816 de-

437 3846 712 3912 claravit
765 3869 1206 3934 quaseumque
1259 3849 1603 3914 facultates
1666 3849 2077 3938 percipiendi
2135 3851 2423 3937 pretium·
2462 3851 2820 3919 officiorum

437 3968 746 4014 romanae
791 3950 1011 4014 curiae
1053 3973 1172 4036 pro
1212 3959 1511 4038 tempore
1552 3949 1923 4015 vacantium
1965 3951 2033 4014 in
2074 3957 2231 4033 toto,
2270 3951 2381 4014 vel
2424 3952 2494 4016 in
2524 3962 2729 4040 parte,
2766 3959 2821 4017 et

445 4045 702 4133 quasvis
749 4048 1204 4113 concessiones
1217 4096 1238 4130 ,
1309 4058 1376 4112 et
1423 4049 1839 4131 collationeS,
1882 4049 2177 4133 aliasque
2216 4047 2675 4138 dispositiones
2720 4069 2825 4139 per

437 4147 548 4212 fel.
599 4169 808 4213 recor.
859 4147 1269 4214 Clementem
1310 4149 1486 4214 XIII
1550 4149 1841 4235 aliosque
1896 4149 2439 4237 praedecessores
2500 4149 2587 4214 de
2644 4149 2819 4215 dictis

444 4246 680 4312 officiis
723 4250 920 4314 etiam
951 4249 1174 4341 exflie
1205 4248 1649 4332 collationum,
1694 4248 2208 4332 concessionum,
2254 4256 2321 4312 et
2344 4247 2823 4336 dispositionum

443 4347 800 4414 earundem
842 4351 912 4413 in
951 4358 1143 4414 antea
1181 4350 1527 4430 vacaturis,
1570 4349 1639 4412 in
1680 4349 1970 4413 favorem
2014 4363 2577 4434 quarumcumque
2616 4366 2823 4438 perso-

443 4465 676 4513 narum
695 4499 715 4531 ‚
767 4449 1098 4514 ecclesiar.
1145 4451 1703 4534 monasteriorum,
1748 4451 2011 4538 piorum·
2044 4450 2341 4516 locorum
2383 4450 2822 4538 collegiorum,
