2959 4984
401 310 592 361 nxv1.
665 308 913 363 sunna
945 310 1524 365 comunionem
1562 300 2025 365 CONFIRMANS
2067 315 2128 365 A.
2174 310 2329 367 185⁷.
2453 310 2561 367 373

147 478 528 567 hujusmodi
587 497 772 562 spem
812 474 1120 543 Nostram
1161 476 1366 543 fuisse
1401 478 1827 543 vehementer
1868 478 2203 543 laetamur.
2285 478 2547 543 Etenim

147 591 306 669 post
346 580 640 647 sedulam
685 576 1218 643 consultationem
1231 626 1254 660 ,
1319 599 1513 662 quam
1558 578 1659 643 rei
1696 578 1983 664 gravitas
2026 579 2221 667 plane
2263 580 2549 667 postula-

153 686 304 765 bat,
373 678 734 748 Conventio
777 679 920 767 ipsa
962 678 1258 766 pluribus
1303 679 1593 745 articulis
1639 678 1972 761 distincta,
2040 688 2106 743 et
2144 702 2185 744 a
2227 680 2378 745 VV.
2420 678 2550 745 FF.

147 782 306 849 NN.
351 779 424 848 S.
467 781 546 847 R.
584 780 662 846 E.
706 776 1156 846 Cardinalibus
1185 776 1739 867 Congregationis
1780 779 2062 865 negotiis
2100 781 2551 849 ecclesiasticis

149 880 690 949 extraordinariis
741 880 1150 969 praepositae
1207 880 1571 945 examinata
1629 902 1775 945 cum
1834 879 2071 945 eodem
2116 878 2551 949 Serenissimo

145 984 340 1071 Rege
381 980 508 1047 fuit
549 980 725 1064 inita,
769 990 965 1066 atque
1005 980 1091 1047 ad
1126 990 1412 1069 optatum
1457 980 1707 1046 exitum
1748 980 2083 1068 perducta.
2126 980 2294 1047 Cum
2336 992 2554 1049 autem

147 1082 449 1169 ejusdem
493 1078 958 1147 conventionis
987 1080 1242 1147 articuli
1283 1090 1423 1145 tum
1463 1107 1503 1147 a
1550 1080 1795 1147 Nostro
1819 1131 1839 1165 ,
1882 1090 2019 1146 tum
2064 1105 2103 1145 a
2142 1081 2355 1169 Regio
2400 1084 2548 1149 Ple-

147 1182 610 1271 nipotentiario
663 1181 770 1247 die
836 1188 1062 1247 octavo
1122 1180 1364 1247 mensis
1421 1182 1677 1271 Aprilis
1734 1182 1931 1268 hujus
1988 1182 2143 1249 anni
2204 1184 2551 1273 subscripti

149 1282 400 1347 fuerint
417 1332 442 1366 ‚
505 1290 698 1368 atque
760 1307 798 1349 a
837 1280 1046 1348 Nobis
1097 1283 1258 1371 ipsis
1305 1283 1807 1371 diligentissime
1847 1283 2203 1373 perpensi,
2274 1286 2547 1351 eandem

145 1383 670 1450 conventionem
726 1404 1028 1472 suprema
1085 1383 1327 1449 Nostra
1389 1384 1771 1450 auctoritate
1836 1385 2342 1450 confirmandam
2406 1407 2551 1451 esse

148 1484 544 1568 censuimus,
589 1504 896 1570 eamque,
956 1484 1386 1550 benedicente
1433 1484 1755 1570 Domino,
1804 1485 1873 1551 in
1916 1486 2269 1551 maximum
2308 1486 2547 1551 anima-

144 1608 292 1651 rum
338 1586 748 1651 commodum
771 1634 792 1669 ,
851 1594 917 1651 et
979 1584 1328 1651 catholicae
1371 1584 1704 1651 Ecclesiae
1745 1588 1986 1651 bonum
2030 1606 2359 1652 cessuram
2400 1608 2547 1653 esse

141 1686 554 1752 confidimus.
617 1686 906 1773 Hujusce
947 1696 1162 1751 autem
1206 1684 1649 1752 conventionis
1691 1694 1881 1752 tenor
1924 1696 2043 1770 est,
2088 1686 2200 1773 qui
2239 1688 2549 1773 sequitur,

139 1783 455 1853 videlicet

207 1916 216 1925 '
1094 1902 1152 1970 O
1169 1926 1208 1969 o
1229 1924 1332 1968 nv
1351 1906 1525 1969 enti
1546 1927 1583 1969 o

973 2002 1072 2089 (ut
1111 2026 1306 2093 supra
1345 2026 1498 2092 pag.
1544 2004 1717 2089 363).

321 2102 490 2170 Cum
530 2104 732 2193 igitur
766 2103 1142 2192 hujusmodi
1187 2102 1655 2171 Conventionis
1711 2112 1900 2195 pacta
1950 2116 2017 2172 et
2058 2108 2443 2174 concordata
2480 2108 2551 2175 in

148 2203 450 2270 omnibus
493 2215 560 2270 et
596 2206 876 2293 'singulis
912 2204 1205 2294 punctis,
1253 2204 1596 2290 clausulis,
1638 2206 1921 2271 articulis
1970 2217 2035 2273 et
2075 2207 2548 2274 conditionibus

149 2314 286 2370 tum
347 2330 384 2371 a
429 2304 680 2391 Nobis,
735 2315 874 2372 tum
914 2328 951 2371 a
993 2304 1425 2373 Serenissimo
1492 2316 1557 2371 et
1614 2306 2071 2373 Potentissimo
2134 2306 2467 2374 Gulielmo
2512 2308 2553 2375 I

150 2406 658 2494 Virtembergae
703 2408 890 2494 Rege
934 2404 1181 2472 Illustri
1225 2406 1472 2471 fuerint
1513 2406 1883 2494 adprobata,
1930 2406 2303 2472 confirmata
2340 2416 2407 2472 et
2448 2432 2547 2472 ra-

152 2506 395 2572 tificata
413 2556 434 2590 ,
500 2516 566 2572 et
610 2530 754 2573 cum
792 2508 944 2597 Ipse
991 2506 1464 2575 Serenissimus
1508 2506 1821 2596 Princeps
1866 2508 2060 2573 enixe
2105 2508 2549 2595 postulaverit,

144 2615 218 2670 ut
257 2629 385 2695 pro
436 2608 708 2674 firmiori
752 2630 977 2673 eorum
1023 2606 1433 2675 subsistentia
1455 2658 1474 2692 ,
1520 2609 1720 2674 robur
1763 2605 2185 2698 Apostolicae
2230 2607 2548 2673 firmitatis

146 2706 581 2794 adjiceremus
603 2758 623 2792 ‚
690 2730 766 2775 ac
809 2708 1266 2775 solemniorem
1312 2707 1783 2773 Auctoritatem
1846 2718 1913 2774 et
1944 2708 2302 2775 Decretum
2349 2706 2543 2773 inter-

146 2830 565 2895 poneremus,
609 2810 750 2875 Nos
790 2810 984 2899 plane
1027 2808 1095 2874 in
1137 2808 1423 2874 Domino
1471 2808 1873 2875 confidentes
1918 2810 2059 2873 fore
2081 2858 2100 2892 ,
2151 2820 2227 2873 ut
2268 2830 2387 2898 pro
2431 2832 2547 2875 sua

147 2908 594 2974 misericordia
635 2910 796 2975 haec
835 2908 1077 2975 Nostra
1122 2908 1332 2974 studia
1375 2908 1458 2974 ad
1505 2910 1982 2998 componendas
2030 2909 2097 2973 in
2133 2906 2536 2977 Virtember-

139 3030 268 3095 gae
298 3005 533 3096 Regno
581 3008 1041 3075 ecclesiasticas
1084 3031 1191 3075 res
1230 3008 1476 3074 intenta
1516 3010 1858 3075 uberrimis
1893 3010 2149 3074 divinae
2194 3031 2349 3074 suae
2389 3033 2537 3095 gra-

141 3108 270 3174 tiae
317 3108 505 3175 donis
546 3111 855 3199 prosequi
899 3108 1242 3197 dignetur,
1305 3132 1392 3174 ex
1433 3119 1610 3175 certa
1653 3110 1917 3175 scientia
1974 3118 2039 3176 et
2090 3118 2341 3176 matura
2382 3108 2541 3175 deli-

138 3210 476 3277 beratione
521 3211 801 3295 Nostra,
871 3210 1083 3295 deque
1124 3210 1548 3299 Apostolicae
1600 3210 1935 3299 potestatis
1987 3210 2393 3300 plenitudine
2440 3236 2542 3277 su-

137 3314 462 3401 pradictas
523 3312 1005 3379 Conventiones
1023 3360 1042 3395 ,
1089 3310 1407 3401 Capitula,
1447 3310 1666 3395 Pacta,
1718 3310 2122 3377 Concordata
2168 3321 2234 3378 et
2260 3311 2540 3378 Conces-

142 3414 358 3479 siones
428 3422 658 3479 tenore
701 3413 1138 3503 praesentium
1195 3416 1660 3503 approbamuS,
1706 3410 2095 3478 ratificamus
2140 3422 2209 3478 et
2249 3423 2537 3503 accepta-

141 3540 286 3581 mus
309 3564 332 3599 ,
379 3514 641 3601 illisque
687 3514 1052 3604 Apostolici
1093 3512 1461 3579 muniminis
1507 3522 1578 3579 et
1616 3512 1935 3579 firmitatis
1977 3515 2180 3580 robur
2222 3524 2288 3579 et
2328 3515 2541 3579 effica-

146 3617 315 3681 ciam
359 3616 775 3702 adjungimus
801 3665 822 3699 ,
869 3614 1212 3699 omniaque
1252 3614 1322 3679 in
1360 3614 1440 3679 iis
1486 3622 1785 3680 contenta
1831 3624 1897 3681 et
1937 3613 2251 3703 promissa
2292 3614 2543 3679 sincere

143 3728 208 3783 et
251 3716 715 3783 inviolabiliter
758 3738 844 3781 ex
883 3714 1127 3781 Nostro
1171 3723 1236 3779 et
1267 3712 1338 3781 S.
1365 3712 1565 3781 Sedis
1608 3723 1791 3804 parte
1839 3714 2261 3803 adimpletum
2300 3724 2365 3779 et
2406 3736 2536 3781 ser-

137 3828 358 3883 vatum
417 3816 500 3882 iri
553 3824 686 3883 tam
725 3814 1008 3901 Nostro,
1083 3837 1273 3902 quam
1312 3812 1780 3882 Successor-um
1838 3814 2231 3882 Nostrorum
2274 3816 2537 3882 nomine

139 3918 576 4006 promittimus
618 3940 694 3982 ac
733 3918 1150 4006 spondemus.
2020 3901 2035 3921 ⁰

301 4016 538 4105 Majori
605 4028 819 4083 autem
867 4040 994 4105 qua
1049 4040 1391 4107 possumus
1453 4014 1862 4082 contentione
1906 4037 2245 4082 monemus
2304 4026 2370 4083 et
2423 4038 2535 4083 ex-

137 4119 475 4185 hortamur
516 4118 981 4185 Venerabilem
1022 4118 1317 4184 Fratrem
1365 4116 1434 4182 in
1482 4116 1710 4183 eodem
1736 4116 1968 4203 Regno
2014 4116 2363 4184 Sacrorum
2393 4118 2532 4185 An-

139 4217 446 4302 tistitem,
488 4217 778 4304 aliosque
830 4240 1053 4285 omnes
1099 4216 1465 4285 Catholicos
1510 4226 1647 4283 tum
1694 4214 2199 4302 ecclesiasticam,
2242 4228 2378 4284 tum
2417 4220 2531 4284 lai-

139 4340 247 4383 cos
290 4316 464 4384 viros
508 4318 578 4382 in
625 4317 860 4384 eodem
901 4318 1135 4407 Regno
1183 4320 1537 4405 degenteS,
1600 4327 1675 4383 ut
1712 4340 1833 4407 pro
1877 4340 1993 4383 sua
2036 4319 2306 4405 quisque
2348 4328 2532 4408 parte

143 4418 358 4483 omnia
397 4418 752 4507 praemissa
811 4429 877 4485 et
916 4430 1102 4510 pacta
1154 4420 1237 4485 ad
1295 4422 1605 4505 majorem
1647 4418 1778 4485 Dei
1838 4418 2114 4506 gloriam
2136 4470 2154 4503 ,
2229 4429 2293 4485 et
2345 4416 2532 4485 Chri-

139 4518 326 4585 stiani
373 4518 651 4585 nominis
690 4518 890 4587 decus
941 4520 1170 4587 sedulo
1211 4544 1286 4586 ac
1326 4518 1677 4607 diligenter
1721 4523 2099 4605 observent,
2162 4524 2229 4586 et
2284 4543 2533 4586 summo
