2959 4984
386 241 493 298 504
954 241 1199 292 Lxxlx.
1272 239 1618 292 REGULAE
1657 238 1986 292 caucum„
1995 237 2224 290 amm.

388 403 861 496 patrationibus
906 427 1159 470 summa
1176 453 1197 488 ,
1240 411 1353 469 aut
1400 403 1586 468 valor
1625 424 1881 470 annuus
1925 399 2206 490 exprimi
2219 447 2240 482 ,
2281 397 2474 466 aliter
2504 397 2814 486 ,desuper

394 528 526 571 non
568 503 970 593 specificato,
1012 525 1097 568 ne
1140 503 1223 568 de
1264 503 1540 568 veritate
1581 500 1956 589 hujusmodi
1997 499 2435 568 concessionis
2475 499 2544 564 in
2581 506 2812 586 poste·

396 627 541 671 rum
584 604 893 670 haesitari
938 603 1299 690 contingat,
1342 601 1702 670 declaravit
1739 611 2088 690 praetextu
2115 598 2552 666 concessionis
2575 598 2816 682 hujus-

392 704 593 787 modi,
639 703 933 768 valorem
970 703 1189 792 ipsum
1232 723 1442 788 usque
1482 702 1568 768 ad
1607 703 1868 768 tertiam
1907 710 2164 789 partem
2200 699 2440 764 valoris
2481 698 2816 786 expressi,

394 813 461 870 et
501 805 571 868 in
611 804 853 892 prima,
912 824 1081 888 quae
1124 801 1406 890 desuper
1448 803 1564 866 fiet
1604 802 1942 867 literarum
2007 799 2428 888 expeditione
2466 798 2820 863 dumtaxat

390 904 620 991 augeri
664 923 880 994 posse,
926 910 993 966 et
1032 923 1141 968 eas
1186 922 1345 986 quas
1386 902 1598 966 literis
1631 903 1772 987 jam
1813 899 2140 988 expeditis
2179 921 2330 968 cum
2379 898 2816 986 expressione

391 1005 631 1070 valoris
674 1001 1071 1092 specificati,
1115 1010 1399 1070 autnon
1439 1002 1700 1088 integro
1747 1008 2145 1088 augumento
2183 1000 2544 1088 praedicto,
2589 999 2816 1064 denuo

394 1103 677 1192 desuper
722 1101 1021 1190 expediri
1066 1102 1417 1188 contigerit
1460 1101 1703 1186 literas,
1739 1125 1890 1169 eum
1931 1101 2151 1186 aliquo
2193 1109 2594 1186 augumento
2631 1099 2814 1164 valo-

394 1203 485 1268 ris
528 1199 941 1288 hujusmodi,
984 1201 1225 1266 nullius
1267 1222 1411 1268 esse
1448 1202 1704 1268 roboris
1725 1251 1746 1285 ,
1786 1199 1896 1266 vel
1933 1199 2280 1282 momenti,
2325 1201 2584 1266 etiamsi
2629 1207 2817 1264 motu

393 1300 659 1390 proprio
710 1299 1131 1366 beneficiales
1174 1302 1447 1388 gratiae,
1491 1311 1557 1366 et
1587 1301 2042 1388 dispositiones
2085 1321 2542 1386 quaecumque
2567 1323 2609 1362 a
2641 1295 2814 1364 San-

396 1402 617 1482 ctitate
662 1396 799 1466 Sua
843 1400 1305 1466 emanaverint.

566 1501 623 1581 §-
668 1500 771 1565 66.
855 1499 1026 1564 Item
1046 1547 1067 1582 ,
1106 1521 1189 1564 ne
1234 1498 1554 1588 personis,
1593 1521 1714 1586 pro
1763 1498 1996 1584 quibus
2041 1499 2271 1566 literae
2319 1496 2499 1564 Suae
2545 1496 2809 1566 Sancti-

401 1600 548 1665 tatis
594 1600 1005 1682 emanabunt,
1045 1601 1128 1664 ob
1172 1599 1556 1685 generalem
1589 1598 2064 1667 absolutionem
2105 1623 2144 1663 a
2183 1597 2475 1665 censuris
2499 1598 2814 1665 ecelesia-

408 1700 587 1765 sticis
632 1700 865 1784 quibus
906 1699 1095 1786 ligati
1130 1699 1365 1781 forent,
1410 1698 1494 1764 ad
1542 1719 1768 1765 eorum
1813 1697 2120 1764 effectum
2153 1697 2612 1765 indifferenter
2663 1721 2810 1764 eon-

404 1798 591 1881 cedi,
656 1807 723 1862 et
782 1799 849 1862 in
890 1798 1097 1864 literis
1137 1799 1516 1886 apostolicis
1557 1797 1798 1887 apponi
1841 1798 2071 1880 solita,
2129 1806 2500 1886 praestetur
2535 1797 2806 1864 occasio

398 1921 705 1964 censuras
743 1899 917 1985 ipsas
963 1897 1436 1987 vilipendendi,
1482 1907 1549 1964 et
1589 1890 2088 1964 insordescendi
2127 1899 2200 1968 in
2243 1897 2408 1962 illis:
2449 1897 2704 1980 statuit,
2749 1905 2812 1960 et

398 1997 723 2064 ordinavit
763 1997 1137 2084 hujusmodi
1186 1999 1698 2082 absolutionem,
1739 2006 1808 2064 et
1853 1997 2212 2064 clausulam
2253 1999 2324 2063 in
2362 1998 2604 2082 literis,
2655 2017 2812 2082 quas

395 2098 467 2163 in
504 2097 796 2162 futurum
838 2121 985 2164 cum
1026 2098 1139 2163 illa
1196 2097 1473 2168 concedi
1531 2099 1905 2184 continget,
1957 2120 2092 2164 non
2131 2097 2478 2184 suffragari
2517 2119 2662 2162 non
2703 2119 2812 2183 pa-

399 2199 692 2264 rentibus
736 2199 831 2264 rei
868 2197 1223 2284 judicatae,
1266 2198 1710 2280 incendiariis,
1753 2197 2174 2264 violatoribus
2205 2197 2660 2278 ecclesiarum,
2691 2195 2808 2260 fal-

399 2297 854 2383 sificatoribuS,
907 2307 972 2362 et
1008 2298 1340 2364 falsificari
1378 2298 1878 2386 procurantibus
1921 2297 2209 2379 litteras,
2273 2306 2348 2366 et,
2381 2296 2804 2384 supplicatio-

398 2418 515 2462 nes
560 2397 951 2484 apostolicas
964 2445 985 2481 ,
1032 2408 1097 2462 et
1136 2398 1269 2463 illis
1310 2399 1679 2480 utentibus,
1725 2397 2242 2486 receptatoribus
2261 2445 2282 2482 ,
2331 2403 2400 2460 et
2437 2396 2800 2462 fautoribus

401 2518 645 2580 eorum,
690 2521 767 2565 ac
812 2519 919 2562 res
964 2499 1193 2562 vetitas
1239 2498 1323 2563 ad
1364 2497 1668 2565 infideles
1715 2497 2178 2578 deferentibus,
2223 2496 2654 2562 violatoribus
2701 2516 2800 2560 ec-

400 2595 800 2662 clesiasticae
838 2597 1154 2664 libertatis
1178 2647 1201 2680 ,
1271 2598 1377 2662 via
1418 2597 1574 2664 facti
1619 2620 1780 2664 ausu
1823 2597 2170 2663 temerario
2213 2595 2590 2684 apostolicis
2627 2617 2798 2660 man-

404 2695 567 2762 datis
613 2719 746 2761 non
790 2699 1405 2786 obtemperantibus,
1452 2705 1520 2762 et
1557 2697 1826 2763 nuncios
1849 2747 1870 2780 ,
1911 2695 2020 2761 vel
2067 2705 2504 2780 exequutores
2545 2705 2798 2782 aposto·

400 2796 563 2860 licae
604 2794 821 2880 Sedis,
870 2807 937 2862 et
980 2799 1115 2884 ejus
1169 2797 1580 2880 officialium,
1638 2797 1780 2882 ejus
1821 2795 2162 2868 commissa
2199 2805 2638 2880 exequentes,
2685 2795 2795 2860 im-

398 2893 839 2980 pedientibus,
887 2897 996 2980 qui
1034 2906 1305 2984 propter
1350 2897 1746 2986 praemissa,
1808 2897 1917 2960 vel
1959 2895 2226 2980 aliquod
2265 2917 2498 2962 eorum
2541 2916 2795 2964 exeom-

404 2992 706 3056 municati
764 3017 802 3058 a
835 2995 1017 3080 jure,
1070 2996 1177 3059 vel
1233 2998 1311 3064 ab
1356 2997 1622 3066 homine
1683 3019 1805 3085 per
1861 3004 2136 3080 quatuor
2193 3015 2455 3063 menses
2515 2995 2790 3063 scienter

402 3093 1081 3158 excommunicationis
1134 3096 1519 3163 sententiam
1573 3096 1947 3182 hujusmodi
2015 3095 2455 3162 sustinuerint.
2539 3095 2625 3162 Et
2685 3116 2792 3184 ge—

404 3191 713 3260 neraliter
760 3191 1271 3278 quibuscumque
1314 3196 1488 3278 aliis,
1535 3196 1644 3282 qui
1689 3197 1976 3262 censuris
2025 3195 2346 3281 aliquibus
2387 3195 2582 3260 etiam
2619 3196 2792 3273 alias,

403 3313 615 3376 quam,
660 3301 732 3356 ut
776 3293 1161 3382 praefertur,
1206 3295 1698 3380 quomodolibet
1737 3295 1920 3384 ligati
1961 3295 2188 3363 inillis
2227 3317 2352 3384 per
2375 3319 2619 3363 ann-um
2647 3317 2794 3360 eon-

402 3391 649 3456 tinuum
692 3391 1151 3460 insorduerint.
1948 3457 1954 3460 .

566 3495 623 3575 ἓ.
666 3494 769 3558 67.
851 3492 1021 3558 Item
1062 3493 1235 3560 idem
1280 3495 1365 3560 D.
1418 3493 1502 3560 N.
1546 3496 1990 3562 exactionibus
2017 3547 2038 3580 ,
2097 3517 2251 3580 quas
2297 3493 2622 3562 Sanctitas
2664 3493 2795 3560 Sua

398 3611 532 3656 non
574 3592 713 3658 sinc
756 3593 1165 3682 displicentia
1207 3595 1594 3684 plerumque
1628 3595 1772 3663 fieri
1807 3595 2136 3662 intellexit
2176 3616 2296 3684 per
2343 3593 2658 3662 officiales
2699 3615 2794 3658 ro-

399 3714 625 3756 manae
668 3692 883 3758 curiae
904 3743 927 3777 ,
970 3696 1079 3780 qui
1124 3696 1484 3762 constitutis
1527 3696 1646 3762 sibi
1685 3695 2134 3763 emolumentis
2173 3717 2296 3782 pro
2341 3693 2657 3761 exercitio
2707 3691 2790 3756 of-

402 3789 733 3874 ficiorum,
791 3814 955 3877 quae
1000 3795 1332 3879 obtinent,
1390 3819 1523 3861 non
1584 3795 1902 3880 contenti,
1964 3795 2134 3862 ultra
2178 3817 2215 3861 a
2255 3792 2790 3882 prosequentibus

405 3892 829 3978 negociorum
876 3895 1301 3977 quorumdam
1364 3896 1850 3985 expeditionem
1910 3895 1978 3960 in
2023 3895 2256 3962 eadem
2313 3891 2490 3960 curia
2531 3891 2794 3978 exigere

402 4013 536 4056 non
576 4002 903 4074 verentur,
948 3994 1207 4058 obviare
1242 3996 1504 4078 volens3
1548 3995 1832 4060 districte
1851 3993 2318 4084 praecipiendo
2361 3992 2642 4059 inhibuit
2665 4014 2790 4058 om-

404 4091 615 4174 nibuS,
664 4102 728 4156 et
767 4093 1041 4179 singulis
1086 4094 1351 4179 quaevis
1389 4095 1602 4160 officia
1641 4096 1711 4163 in
1750 4096 1976 4160 eadem
2019 4094 2196 4162 curia
2220 4092 2680 4174 obtinentibus,
2715 4111 2790 4156 ne

406 4190 487 4254 dc
530 4201 785 4256 caetero
836 4193 1185 4278 quidquam
1230 4203 1576 4280 praetextu
1625 4195 2032 4279 officiorum,
2079 4216 2244 4280 quae
2285 4192 2602 4274 obtinent,
2645 4212 2788 4275 quo-

406 4288 503 4354 vis
546 4291 784 4373 colore,
833 4291 1024 4356 etiam
1066 4292 1397 4358 celerioris
1443 4293 1877 4381 expeditionis
1901 4343 1922 4378 ,
1985 4295 2160 4362 ultra
2203 4293 2640 4362 emolumenta
2679 4290 2790 4354 hu-

396 4388 684 4470 jusmodi
724 4389 1033 4472 exigere,
1105 4413 1221 4455 seu
1262 4391 1345 4469 ad
1388 4391 1564 4457 hunc
1626 4393 1932 4460 effectum
2000 4394 2490 4483 expeditionem
2535 4413 2792 4470 eorum,
