2959 4984
390 259 497 318 ⁶16
566 255 833 310 uxxu.
918 253 1405 310 cousrlru‘rlo
1440 255 1539 310 DB
1579 255 1950 310 molemus
1989 255 2502 310 entonamnus
2535 257 2602 308 A,
2639 255 2792 312 1741.

400 423 736 492 Diouem
776 432 1059 510 quatuor
1096 417 1347 500 saltem,
1392 432 1514 486 aut
1559 422 1754 484 σείσω
1787 419 2018 506 plures
2053 419 2400 506 probatas,
2447 434 2511 486 et
2549 421 2798 510 qualili—

396 537 575 592 eata·
618 519 969 601 Personas,
1018 517 1245 608 quibus
1274 516 1656 602 hqj'uemodz
1695 515 1948 584 Comae
1981 524 2572 601 committerentur3
2615 521 2801 586 Alio-

392 628 549 718 quin
592 635 743 711 poet
780 620 1295 708 decimationem
1320 617 1606 705 factam,
1651 643 1846 708 quam
1885 622 2106 686 statim
2131 619 2462 707 Episcopi
2501 620 2598 686 ad
2617 619 2801 685 Sum-

388 747 561 792 mum
586 721 947 790 Romanum
977 717 1357 804 Pontificem
1404 722 1934 800 transmitterent,
1985 719 2426 808 deleqationee
2469 743 2803 808 quaecum-

390 851 515 918 que
556 827 841 892 aliorum
882 823 1223 904 Judioam,
1276 823 1431 888 alia
1448 869 1469 904 ,
1526 845 1718 912 quam
1755 821 1857 888 hu
1887 821 2145 908 factae,
2193 822 2628 910 subreptitiae
2667 845 2802 886 cen-

386 939 723 1110 ‘We’grg-
812 1021 981 1092 Cum
1036 1043 1195 1090 vero
1262 1019 1558 1089 Concilio.
1609 1021 2046 1089 Provincialia
2107 1023 2402 1108 ‘1¹¹0m’0t
2463 1021 2803 1104 'Prienam'

394 1127 801 1196 Dioecesana
842 1145 1012 1190 anno
1056 1122 1347 1208 quolibet
1382 1143 1471 1188 ex
1513 1121 1916 1212 praescripto
1937 1121 2306 1188 Tridentini
2351 1123 2685 1208 cogenda,
2725 1124 2803 1188 ob

392 1227 589 1312 varia,
632 1247 799 1311 quac
842 1226 1272 1293 obversantur
1314 1222 1806 1311 impedimenta,
1847 1222 2108 1310 longius
2151 1224 2644 1312 protrahantur,
2685 1244 2802 1288 nec

390 1323 731 1416 Episcopis
778 1323 985 1390 subsit
1026 1312 1417 1408 quandoque
1454 1331 1634 1388 certa
1675 1343 1826 1410 spes
1839 1371 1860 1406 ,
1921 1322 2096 1406 quod
2138 1321 2220 1388 ii·
2255 1345 2546 1410 propere
2593 1323 2804 1389 subla-

392 1425 506 1511 tis,
571 1423 743 1490 dicta
782 1421 1076 1490 Concilia
1117 1421 1345 1489 haberi
1386 1422 1680 1512 possint,
1741 1431 1938 1508 atquc
1979 1421 2050 1488 in
2091 1422 2224 1490 illis
2267 1422 2614 1510 designari
2659 1421 2804 1489 novi

390 1523 669 1596 Judices
708 1521 1129 1611 Synodales,
1198 1521 1271 1588 in
1312 1521 1534 1588 locum
1575 1521 1875 1606 illorum,
1931 1521 2042 1608 qui
2083 1522 2512 1590 defecerunt.
2589 1519 2802 1612 Saepe

392 1623 639 1692 idcirco
662 1622 1109 1711 congregatio
1144 1619 1425 1690 Concilii
1446 1621 1813 1690 Tridentini
1857 1621 2192 1711 Interpres
2231 1647 2270 1690 a
2309 1623 2650 1690 Locorum
2687 1624 2801 1692 Or·

390 1724 657 1792 dinariis
696 1722 1027 1809 requisita,
1074 1722 1549 1790 consultissime
1591 1725 1952 1814 respondit,
1996 1725 2574 1812 subrogandorum
2621 1726 2674 1794 J
2670 1725 2800 1792 udi

394 1847 545 1892 cum
562 1822 951 1892 electionem
970 1825 1051 1890 ab
1068 1821 1411 1912 Episcopis
1438 1844 1583 1890 esse
1614 1823 1980 1892 faciendam
2001 1847 2152 1892 cum
2170 1823 2466 1892 Consilio
2491 1825 2800 1916 Capituli

554 1927 615 2008 5.
656 1925 720 1991 4.
803 1923 1127 1992 Providae
1182 1923 1385 2012 igitur
1413 1972 1432 2006 ,
1501 1934 1568 1990 et
1607 1933 1895 1991 vetustae
1938 1925 2310 2012 hujusmodi
2347 1925 2546 2014 leges
2586 1927 2798 2016 palam

388 2026 735 2110 evincunt,
810 2023 1071 2110 antiqua
1115 2045 1257 2090 esse
1315 2025 1592 2092 vulnera
1650 2026 1717 2090 in
1761 2025 1884 2090 hac
1939 2034 2126 2114 parte
2167 2024 2560 2114 disciplinae
2603 2028 2802 2109 illata,

386 2126 631 2211 illaque
676 2126 871 2204 modo
912 2124 1401 2209 recrudescere,
1444 2147 1582 2190 non
1613 2125 1766 2210 quia
1807 2147 2098 2212 congrua
2138 2125 2308 2192 desit
2351 2127 2644 2213 medela,
2681 2128 2794 2192 sed

386 2226 541 2316 quia
580 2225 943 2312 negligitur
998 2223 1085 2290 ad
1148 2223 1630 2314 praescriptum
1675 2223 2154 2292 canonicarum
2202 2223 2644 2296 sanctionum
2685 2228 2795 2296 Ju-

378 2329 609 2394 dicum
652 2325 1089 2414 Synodalium
1129 2322 1496 2410 designatio
1521 2377 1540 2409 ,
1620 2346 1896 2411 quorum
1965 2324 2195 2390 notitia
2243 2325 2300 2390 si
2337 2326 2646 2394 Romano
2685 2351 2796 2417 pro

386 2438 681 2516 tempore
725 2425 1031 2494 Pontifici
1078 2425 1367 2492 exhibita
1404 2425 1670 2511 fuisset,
1739 2427 1990 2496 eisdem
2047 2427 2500 2493 tantummodo
2551 2428 2797 2496 Judici-

388 2530 509 2596 bus
550 2528 721 2595 facta
762 2527 990 2594 fuisset
1017 2525 1375 2594 Causarum
1418 2525 1771 2614 delegatio,
1815 2538 2064 2594 semota
2105 2527 2336 2614 quavis
2381 2529 2796 2614 querelarum

390 2648 753 2696 occasione.

560 2729 622 2808 ξ.
664 2729 729 2794 5.
812 2727 995 2794 Dum
1035 2725 1397 2792 minoribus
1436 2727 1510 2794 in
1545 2727 1671 2794 hac
1721 2724 1924 2792 Curia
1965 2727 2384 2810 muneribus,
2445 2737 2650 2812 atque
2689 2729 2794 2792 illo

388 2826 778 2914 praesertim
818 2825 1175 2896 Secretarii
1217 2823 1766 2914 congregationis
1811 2825 2093 2894 Concilii
2133 2827 2594 2916 fungeremur,
2637 2826 2792 2892 nihil

386 2925 597 2994 Nobis
656 2925 781 2991 fuit
833 2925 1161 3011 antiquius
1186 2974 1207 3008 ,
1288 2947 1481 3010 quam
1555 2925 1902 3014 Episcopis
1927 2978 1948 3011 ,
2012 2927 2287 3012 aliisque
2343 2928 2790 2996 Ecclesiamm

386 3025 708 3094 Praelatis
745 3025 947 3092 hosce
989 3045 1217 3092 sensus
1260 3023 1590 3109 ingerere,
1635 3047 1875 3110 eosque
1917 3049 2038 3114 pro
2081 3026 2332 3092 viribus
2375 3028 2463 3094 ad
2507 3029 2633 3094 has
2671 3026 2786 3092 Ec·

388 3125 785 3194 clesiasticas
840 3125 1025 3212 leges
1072 3123 1535 3193 custodiendas
1577 3125 1810 3192 sedulo
1859 3148 2317 3193 commonere:
2387 3127 2590 3196 Nunc
2638 3149 2785 3192 vero

388 3225 978 3314 inperscrutabilis
1034 3222 1307 3291 Consilii
1375 3225 1720 3292 altitudine
1785 3225 1870 3292 ad
1915 3223 2316 3315 Supremum
2355 3227 2784 3316 Apostolatus

388 3326 725 3412 fastigium
768 3325 926 3392 licet
966 3324 1386 3392 immerentes
1428 3325 1700 3409 evocati,
1741 3325 2097 3393 Pastoralis
2133 3326 2336 3392 officii
2361 3327 2578 3415 exigit
2609 3327 2788 3407 ratio,

389 3437 463 3494 ut
520 3426 761 3494 nostris
815 3426 999 3492 hisce
1038 3423 1244 3490 literis
1290 3435 1475 3490 certa
1516 3425 1700 3492 vobis
1743 3426 2174 3515 imposterum
2215 3426 2570 3494 methodus
2615 3447 2786 3515 prae-

392 3526 738 3611 scribatur,
778 3524 865 3591 ad
909 3545 1383 3610 quamcumque
1428 3523 1795 3610 dubiorum,
1838 3536 1902 3591 et
1943 3526 2360 3612 querelarum
2385 3528 2787 3594 occasionem

387 3623 833 3692 avertendam.
918 3624 1241 3690 Volumus
1286 3623 1548 3710 itaque,
1590 3635 1656 3691 et
1701 3626 2102 3709 mandamus,
2145 3624 2384 3710 quod·
2363 3649 2436 3690 m
2475 3625 2560 3692 iis
2598 3626 2786 3692 Dioc-

392 3725 695 3810 cesibus,
754 3726 823 3790 in
883 3725 1117 3810 quibus
1166 3724 1407 3812 vigiles
1446 3723 1897 3792 Ecclesiarum
1937 3725 2294 3794 Antistitcs
2353 3725 2441 3792 ad
2497 3727 2786 3792 tramites

389 3776 815 3896 Tridentinae
858 3823 1113 3908 Synodi
1156 3824 1206 3892 J
1204 3825 1432 3892 udlces
1475 3826 1882 3912 elegerunt
1861 3849 1931 3892 ιη
1978 3825 2290 3894 Conciliis
2335 3825 2478 3892 sive
2525 3825 2785 3892 Provin-

392 3927 688 4012 cialibus,
730 3926 867 3992 sive
888 3925 1337 4010 Dioecesanis,
1376 3925 1739 3992 electorum
1759 3925 2044 3994 Nomina
2072 3924 2558 4014 quamprimum
2585 3923 2784 3992 Nobis

393 4027 817 4110 renuncient3
864 4036 927 4092 et
972 4026 1028 4093 si
1065 4026 1235 4091 forte
1274 4049 1501 4110 unum,
1539 4026 1648 4091 vel
1687 4025 1912 4114 plures
1937 4026 2204 4094 illorum
2237 4025 2408 4100 mori
2435 4026 2786 4111 contingat,

394 4137 744 4212 antequam
788 4126 1003 4192 denuo
1050 4124 1281 4192 eadem
1328 4123 1626 4194 Concilia
1671 4136 2014 4212 cogantur,
2053 4125 2529 4198 decedentibus
2573 4125 2784 4192 subro-

392 4236 637 4312 gentur
682 4225 839 4291 novi
876 4223 925 4294 J
924 4225 1151 4292 udices
1171 4273 1193 4308 ,
1240 4224 1534 4312 eligendi
1573 4226 1654 4291 ab
1693 4223 2024 4314 Episcopo
2067 4248 2219 4292 cum
2262 4223 2556 4294 Consilio
2603 4223 2782 4312 Capi-

396 4324 542 4405 tuli,
584 4322 695 4406 qui
722 4321 1011 4390 Nomina
1050 4325 1556 4412 subrogatorum
1591 4323 1664 4391 in
1705 4323 1880 4392 dicto
1929 4347 2222 4410 munere,
2259 4347 2472 4412 usque
2503 4325 2590 4392 ad
2621 4323 2780 4388 diem

402 4419 659 4506 synodi
702 4420 1008 4490 duraturo
1029 4474 1050 4508 ,
1106 4421 1315 4492 Nobis
1380 4424 1607 4491 itidem
1651 4424 2047 4512 significent.
2126 4424 2262 4496 Ubi
2301 4449 2462 4495 vero
2505 4421 2782 4494 concilia
