2959 4984
545 281 691 372 xx1.
768 320 967 373 oeno
1009 319 1471 372 CELEBRANDI
1511 317 1916 371 essemus
1954 319 2292 373 00N01L11.
2529 319 2635 374 117

208 481 667 570 predictorum
724 482 1066 568 graduum.
1152 479 1383 548 Simile
1446 481 1529 546 de
1593 481 1868 546 muliere
1929 503 2054 567 que
2116 481 2436 546 contraxit
2491 503 2638 547 cum

212 583 709 669 consangvineo
754 582 964 648 mariti
1010 583 1120 646 vel
1160 582 1378 670 sponsi
1426 582 1731 647 defuncti.
1779 581 1950 648 Item
1992 582 2045 646 si
2091 581 2229 666 quis
2271 603 2404 646 non
2444 583 2632 647 coha-

206 681 397 746 bitat-
436 682 651 747 vxori·
688 691 833 748 sue'
860 683 970 747 vel
1028 705 1194 747 vxor
1256 683 1505 748 marito.
1609 682 1779 747 Item
1853 682 1906 746 si
1965 682 2074 768 qui
2117 683 2183 747 in
2227 683 2633 749 matrimonio

208 782 550 847 constituti
619 783 999 848 scandalose
1063 783 1288 848 vivunt
1352 782 1818 848 dissencientes
1885 792 1950 846 et
1991 783 2160 848 male
2209 805 2277 847 se
2321 783 2634 849 habentes

207 906 289 948 ac
356 889 707 948 tractantes
758 885 978 948 verbis
1042 891 1107 948 et
1166 883 1546 948 verberibus
1614 883 1863 947 occulte
1922 883 2033 946 vel
2075 884 2415 949 manifeste
2459 894 2525 949 et
2564 885 2631 950 in

210 983 345 1048 hoc
390 983 584 1049 etiam
624 983 869 1048 vicinos
916 1005 1065 1048 suos
1102 986 1491 1049 turbantes,-

383 1083 696 1172 Preterea
741 1084 1199 1148 committimus
1252 1093 1317 1148 et
1362 1084 1742 1150 mandamus
1785 1083 1996 1148 Vobis
2039 1083 2356 1148 vniversis
2401 1093 2466 1148 et
2509 1084 2634 1150 sin-

182 1259 189 1264 ,
209 1185 391 1271 gulis
455 1183 870 1250 ecclesiarum
930 1179 1397 1273 parochialium
1461 1185 1823 1250 rectoribus
1888 1182 2272 1271 supradictis
2317 1192 2631 1270 quatenus
2689 1197 2694 1201 ’

210 1283 617 1377 competenti
685 1284 789 1349 die
835 1294 900 1350 et
938 1285 1100 1350 hora
1143 1285 1403 1373 publice
1452 1285 1535 1350 de
1581 1287 1864 1351 ambone
1912 1284 2335 1373 parochianos
2379 1294 2632 1351 vestros

207 1385 295 1450 ad
360 1383 679 1473 premissa
741 1383 948 1448 citetis
1010 1383 1093 1448 ad
1154 1383 1507 1479 terminum
1569 1383 1968 1469 unicuique·
1962 1383 2260 1448 ecclesie
2323 1385 2622 1473 superius

206 1484 587 1574 prefixum,
653 1484 900 1549 scilicet
952 1492 1027 1548 ut
1079 1483 1193 1548 tali
1237 1484 1343 1550 die
1392 1506 1520 1569 quo
1565 1484 1929 1550 visitatores
1972 1484 2238 1548 venient
2281 1483 2408 1548 sint
2451 1485 2624 1573 apud

212 1586 527 1652 ecclesias
571 1609 719 1650 suas
768 1583 837 1650 in
880 1585 1078 1650 missa
1122 1593 1188 1648 et
1228 1606 1550 1650 sermone.
1637 1583 1726 1649 Et
1769 1585 1982 1650 omnia
2028 1585 2344 1672 premissa
2388 1584 2481 1650 eis
2526 1586 2621 1650 in-

209 1687 485 1752 sinuetis
512 1691 605 1751 'et
648 1684 989 1774 exponatis
1040 1693 1106 1750 et
1148 1685 1230 1750 ad
1280 1705 1660 1773 processum
1703 1683 2224 1750 denunciacionis
2264 1685 2449 1749 iuxta
2478 1685 2619 1749 for-

206 1809 387 1852 mam
428 1788 727 1874 superius
768 1785 1067 1852 traditam
1112 1784 1465 1870 diligenter
1508 1785 1888 1868 informetiS,
1934 1807 2018 1850 ne
2065 1807 2210 1850 cum
2254 1785 2620 1850 visitatores

202 1886 515 1954 venerint
555 1887 973 1973 negligentes
1012 1909 1130 1951 vos
1173 1887 1502 1975 reperiant
1543 1895 1609 1950 et
1643 1880 2156 1974 reprehensione
2190 1884 2442 1971 dignos,
2483 1885 2618 1950 Vo-
2629 1892 2636 1898 ’

202 1989 429 2053 lumus
472 1987 739 2076 insuper
782 1986 958 2076 quod
1001 1985 1188 2052 dictis
1229 1986 1667 2052 visitatoribus
1713 1996 2084 2052 consvetam
2127 1995 2191 2053 et
2219 1985 2622 2052 moderatam

208 2088 748 2177 procuracionem
808 2087 891 2152 de
934 2086 1129 2170 cibis,
1191 2086 1453 2176 potibus
1503 2096 1596 2152 et
1591 2088 1851 2187 pabulo
1898 2109 2214 2172 equorum
2257 2111 2404 2152 cum
2445 2088 2619 2176 apud

211 2212 335 2254 vos
378 2189 653 2271 fuerint,
714 2188 980 2255 faciatis,
1070 2187 1186 2252 Ad
1228 2209 1419 2273 quam
1463 2188 1905 2275 provisionem
1949 2187 2367 2277 prestandam
2409 2187 2620 2253 vitrici

214 2289 498 2354 ecclesie
564 2287 904 2354 cuiuslibet
948 2288 1193 2354 dabunt
1234 2288 1501 2353 cuilibet
1545 2297 1835 2353 vestrum
1876 2288 1946 2352 in
1991 2286 2348 2352 subsidium
2391 2309 2616 2352 secun-
2696 2311 2700 2316 ’

212 2389 377 2454 dum
423 2389 745 2472 antiquam
795 2387 1327 2459 consvetudinem
1368 2397 1654 2452 vestram
1690 2387 2012 2452 fertonem
2057 2388 2299 2452 bonum
2317 2435 2336 2468 ‚
2382 2387 2616 2452 certifi-

214 2489 428 2555 cando
492 2488 755 2554 eosdem
816 2488 1081 2554 vitricos
1142 2489 1413 2554 ecclesie
1481 2498 1548 2552 et
1606 2508 2024 2573 quoscunque
2073 2487 2234 2554 alios
2279 2485 2387 2571 qui
2431 2507 2500 2550 se
2549 2485 2619 2552 in

208 2591 342 2656 hoc
402 2598 848 2677 opposuerunt
904 2588 1079 2673 quod
1148 2598 1370 2654 contra
1412 2598 1894 2673 eos-tamquam
1937 2586 2362 2676 impeditores
2411 2587 2616 2652 eccle-

382 2789 677 2873 Quilibet
715 2799 1003 2856 vestrum
1046 2790 1353 2878 perlectis
1398 2799 1465 2854 et
1506 2788 1962 2871 consideratis,
2029 2810 2152 2873 que
2190 2787 2262 2854 in
2299 2789 2615 2879 presenti-

204 2895 333 2958 bus
374 2891 607 2956 litteris
643 2891 1069 2973 continentur,
1112 2890 1429 2977 speciales
1455 2889 1704 2954 litteras
1733 2887 1945 2953 vicino
1979 2912 2094 2954 suo
2125 2891 2406 2978 plebano
2433 2890 2618 2956 iuxta

206 2992 513 3058 ordinem
554 3015 751 3082 supra
793 2999 1081 3057 notatum
1126 2991 1369 3073 mittat,
1430 2989 1520 3054 ita
1561 2989 1739 3074 quod
1785 2990 1942 3054 ordo
1986 3013 2120 3054 non
2160 2991 2494 3056 lederetur
2532 3013 2616 3056 ne

208 3092 632 3180 negligencia
690 3092 1142 3158 committatur.
1227 3090 1315 3156 Et
1373 3091 1438 3155 in
1480 3091 1742 3176 signum
1787 3090 2198 3156 execucionis
2241 3091 2614 3158 huiusmodi

211 3193 491 3281 quilibet
550 3202 841 3260 vestrum
898 3213 1139 3258 nomen
1205 3215 1393 3257 suum
1458 3199 1524 3256 et
1588 3191 1762 3255 diem
1807 3213 1933 3275 qua
1979 3202 2320 3279 presentes
2366 3194 2614 3260 litteras

205 3293 541 3381 acceperit
596 3303 662 3358 et
724 3315 849 3379 qua
892 3318 930 3359 a
972 3315 1041 3358 se
1084 3292 1408 3358 remiserit
1445 3291 1856 3380 presentibus
1901 3291 2187 3358 fideliter
2233 3297 2350 3360 sub
2396 3295 2613 3361 debito

208 3392 597 3460 obediencie
657 3394 965 3460 inscribat
1005 3401 1077 3457 vt
1117 3414 1648 3477 unumquemque
1696 3391 1779 3456 de
1822 3415 1938 3457 sua
1982 3392 2328 3479 diligencia
2373 3396 2614 3484 poteri-

207 3515 359 3558 mus
396 3493 832 3577 considerare,
878 3493 1413 3560 contrafacientes
1445 3515 1604 3558 vero
1635 3515 1806 3581 pena
1833 3493 2133 3577 synodali
2163 3495 2614 3574 mulctabimus

202 3593 742 3660 irremissibiliter
787 3593 1240 3683 persolvenda.
1313 3594 1559 3660 Datum
1603 3593 1674 3658 in
1717 3592 1949 3660 Castro
1991 3601 2214 3659 nostro
2259 3593 2614 3680 Heilsberg

202 3695 411 3761 Anno
452 3693 721 3760 Domini
762 3693 1340 3761 MOCCCXLIHI
1384 3693 1492 3760 die
1537 3704 1755 3760 sancto
1800 3696 2014 3782 prisce
2055 3693 2328 3780 virginis
2367 3691 2612 3760 Nostro

204 3796 329 3860 sub
374 3790 669 3860 Secreto.

336 3977 529 4044 XXI.
619 3977 849 4046 Ordo
915 3979 1420 4045 celebrandi
1473 3979 1927 4065 generalis
1988 3929 2346 4044 concilii
2380 3977 2467 4063 *).

1272 4094 1488 4185 Caput
1524 4095 1578 4160 I.
2411 4089 2414 4094 ’
2527 4147 2556 4157 ..

1026 4227 1131 4294 De
1183 4228 1485 4294 Concilio
1529 4229 1847 4317 qenerali.

378 4343 704 4435 Scripturi
744 4343 1165 4431 Cerimonias‚
1208 4346 1277 4412 in
1318 4370 1503 4412 sacro
1547 4345 1860 4414 Generali
1903 4345 2195 4412 Concilio
2241 4348 2612 4434 servandas,

408 4526 466 4596 *)·
498 4526 587 4581 Ex
622 4526 769 4582 libro
803 4526 894 4582 cui
932 4527 1164 4582 titulus:
1214 4527 1508 4583 Sacrarum
1561 4523 1988 4581 cerimoniarum
2024 4526 2305 4584 Romanae
2347 4527 2613 4584 ecclesiae
