2959 4984
913 321 1192 374 KAROLI
1225 320 1464 374 MAGNI
1502 321 1569 374 A.
1606 319 1729 376 ⁷89.
2446 317 2521 372 47

133 507 404 572 regnum
457 487 529 552 in
587 493 920 550 aeternum
965 505 1348 551 conservare
1397 484 1723 570 dignetur.
1818 486 2235 572 Quapropter
2280 483 2521 572 placuit

131 585 306 650 nobis
348 595 633 651 vestram
670 605 908 671 rogare
952 585 1302 666 solertiam,
1353 607 1390 648 o
1437 594 1732 670 pastores
1768 584 2221 648 aecclesiarum
2258 581 2519 666 Christi,

131 695 189 748 et
250 685 554 751 ductores
627 685 854 772 gregis
917 685 1090 767 eiuS,
1177 693 1242 748 et
1299 683 1647 748 clarissima
1705 683 1930 747 mundi
1992 683 2365 765 luminaria,
2442 691 2518 747 ut

131 784 313 870 vigili
357 806 512 848 cura
555 791 622 847 et
657 783 887 848 sedula
929 783 1387 848 ammonitione
1426 783 1743 870 populum
1771 782 1903 848 Dei
1940 805 2060 870 per
2085 805 2321 870 pascua
2348 783 2519 846 vitae

131 892 422 948 aeternae
472 883 710 948 ducere
755 883 1100 964 studeatis„
1147 891 1214 948 et
1255 890 1543 946 errantes
1584 903 1737 946 oves
1758 930 1779 964 ,
1824 882 2141 947 bonorum
2184 882 2516 970 exemplo-

129 1003 268 1046 rum
322 1003 438 1047 seu
495 982 1022 1048 adhortationum
1081 981 1366 1046 humeris
1421 981 1591 1046 intra
1644 980 2153 1046 aecclesiasticae
2202 981 2517 1046 firmitatis

131 1105 342 1147 muros
401 1091 740 1171 reportare
799 1081 1198 1167 satagimini3
1261 1102 1346 1146 ne
1401 1081 1595 1166 lupus
1652 1080 1967 1146 insidians
2008 1081 2290 1164 aliquem
2332 1102 2517 1145 cano-

130 1181 298 1246 nicas
355 1183 716 1247 sanctiones
771 1180 1398 1266 transgredientem,
1459 1180 1569 1244 vel
1613 1189 1913 1267 paternas
1958 1180 2333 1246 traditiones
2376 1181 2517 1245 uni-

137 1281 476 1346 versalium
533 1281 952 1350 conciliorum
1013 1279 1477 1361 excedentem,
1539 1280 1712 1364 quod
1776 1279 1971 1361 absit,
2027 1279 2363 1342 inveniens
2408 1279 2518 1344 de-

133 1390 330 1447 voret.
413 1381 578 1446 Ideo
637 1403 874 1466 magno
934 1379 1295 1445 devotionis
1339 1379 1552 1444 studio
1595 1379 1985 1444 admonendi
2030 1387 2095 1442 et
2134 1377 2519 1443 adhortandi

137 1491 291 1562 sunt,
327 1482 526 1546 immo
565 1479 1021 1569 compellendi,
1060 1489 1134 1543 ut
1162 1478 1349 1543 firma
1376 1477 1509 1543 fide
1540 1487 1605 1542 et
1632 1477 2013 1565 infatigabili
2042 1478 2523 1566 perseverantia

137 1580 296 1646 intra
335 1591 638 1669 paternas
685 1579 1044 1646 sanctiones
1092 1599 1163 1642 se
1207 1587 1627 1642 conteneant:
1671 1579 1741 1642 in
1788 1599 1915 1662 quo
1959 1599 2157 1666 opere
2200 1587 2267 1642 et
2307 1578 2519 1643 studio

137 1681 286 1744 sciat
343 1681 698 1746 certissime
756 1678 1052 1744 sanctitas
1107 1686 1325 1741 vestra
1375 1686 1661 1742 nostram
1720 1678 1907 1743 vobis
1962 1699 2309 1765 cooperare
2372 1677 2513 1742 dili-

139 1779 434 1863 gentiam.
529 1781 948 1866 Quapropter
995 1788 1060 1842 et
1097 1785 1356 1842 nostros
1397 1776 1482 1841 ad
1522 1799 1639 1841 vos
1680 1777 2036 1842 direximus
2082 1777 2345 1858 missos,
2410 1778 2521 1862 qui

139 1899 220 1944 ex
271 1880 468 1944 nostri
535 1878 817 1943 nominis
881 1876 1256 1942 auctoritate
1311 1899 1442 1940 una
1500 1877 1832 1942 vobiscum
1894 1877 2299 1963 corrigerent
2356 1898 2520 1962 quae

141 1978 516 2064 corrigenda
573 1987 808 2043 essent.
901 1974 1042 2043 Sed
1098 1985 1164 2040 et
1205 1975 1420 2060 aliqua
1463 1976 1739 2063 capitula
1782 1998 1869 2040 ex
1910 1977 2229 2041 canonicis
2270 1977 2519 2043 institu-

140 2077 409 2143 tionibus
423 2126 444 2160 ,
495 2100 660 2164 quae
703 2076 914 2164 magis
959 2075 1146 2140 nobis
1185 2077 1549 2141 necessaria
1588 2076 2005 2158 videbantur,
2054 2077 2519 2143 subiunximus.

139 2177 237 2241 Ne
283 2178 504 2262 aliquis
523 2227 544 2260 ,
586 2199 860 2262 quaese,
902 2177 1096 2241 huius
1141 2175 1398 2263 pietatis
1437 2176 1962 2241 ammonitionem
2006 2198 2148 2241 esse
2189 2200 2519 2265 praesum-

141 2278 400 2363 ptiosam
442 2277 722 2360 iudicet,
786 2299 912 2361 qua
953 2297 1073 2340 nos
1117 2283 1326 2339 errata
1369 2274 1735 2362 corrigere,
1794 2276 2123 2362 superflua
2164 2278 2517 2361 abscidere,

142 2385 310 2441 recta
363 2378 694 2442 cohartare
761 2376 1128 2458 studemus,
1183 2373 1303 2440 sed
1359 2375 1569 2459 magis
1618 2375 1936 2440 benevolo
1986 2376 2261 2442 caritatis
2304 2378 2517 2442 animo

143 2476 448 2564 suscipiat.
533 2475 704 2542 Nam
762 2470 1044 2562 legimus
1097 2474 1168 2539 in
1211 2495 1569 2560 regnorum
1614 2473 1831 2556 libris,
1899 2474 2223 2558 quomodo
2266 2485 2521 2542 sanctus

143 2575 334 2642 Iosias
371 2598 653 2663 regnum
697 2574 820 2640 sibi
863 2599 902 2638 a
940 2574 1088 2639 Deo
1136 2572 1354 2637 datum
1396 2572 1854 2637 circumeundo
1870 2621 1889 2654 ‚
1934 2574 2343 2660 corrigendo,
2388 2599 2519 2642 am·

145 2675 476 2758 menende,
517 2675 604 2740 ad
645 2673 890 2740 cultum
927 2673 1070 2736 veri
1093 2671 1224 2738 Dei
1269 2671 1516 2736 studuit
1554 2693 1881 2738 revocare.
1924 2671 2079 2739 Non
2118 2683 2193 2740 ut
2230 2695 2335 2739 me
2381 2675 2519 2740 eius

149 2775 459 2840 sanctitate
521 2772 1071 2862 aequiperabilem
1126 2771 1388 2853 faciam,
1453 2770 1573 2836 sed
1630 2769 1805 2856 quod
1859 2774 2044 2837 nobis
2090 2784 2239 2838 sunt
2278 2775 2519 2859 ubique

153 2883 496 2939 sanctorum
555 2892 815 2959 semper
875 2870 1176 2958 exempla
1233 2871 1601 2954 sequenda,
1666 2891 2103 2956 quoscumque
2148 2875 2521 2963 poterimus,

151 2971 226 3034 ad
267 2972 544 3037 studium
587 2975 795 3038 bonae
838 2971 1028 3052 vitae,
1073 2971 1142 3035 in
1185 2969 1445 3034 laudem
1494 2979 1559 3034 et
1599 2971 1669 3035 in
1712 2971 1988 3056 gloriam
2035 2972 2278 3038 domini
2320 2975 2523 3038 nostri

151 3069 290 3136 Iesu
331 3071 610 3154 Christi,
673 3090 1078 3157 congregare
1119 3089 1386 3134 necesse
1431 3078 1548 3133 est.
1596 3071 2044 3159 Quapropter,
2086 3081 2159 3136 ut
2199 3073 2523 3161 praedixi-

155 3191 309 3253 mus,
367 3173 581 3258 aliqua
626 3170 901 3259 capitula
938 3179 1162 3234 notare
1203 3168 1538 3251 iussimus,
1578 3178 1652 3234 ut
1693 3169 1885 3234 simul
1929 3170 2089 3234 haec
2136 3171 2364 3236 eadem
2406 3194 2522 3236 vos

153 3291 502 3336 ammonere
561 3270 871 3337 studeatis
887 3317 907 3351 ,
975 3277 1040 3334 et
1096 3289 1535 3353 quaecumque
1578 3271 1764 3334 vobis
1808 3269 1931 3334 alia
1972 3271 2331 3336 necessaria
2378 3293 2523 3338 esse

157 3369 363 3452 sciatis,
408 3381 486 3436 ut
526 3382 592 3436 et
627 3380 752 3435 1sta
789 3378 856 3433 et
892 3368 1008 3433 illa
1047 3368 1299 3452 aequali
1339 3368 1697 3433 intentione
1741 3370 2149 3457 praedicetis.
2228 3370 2372 3436 Nec
2410 3371 2521 3435 ali-

161 3469 296 3552 quid
335 3471 510 3555 quod
551 3479 808 3534 vestrae
853 3467 1168 3534 sanctitati
1211 3477 1278 3531 et
1315 3469 1560 3555 populo
1603 3469 1736 3534 Dei
1784 3470 1943 3534 utile
1985 3471 2301 3553 videatur,
2344 3471 2523 3535 amit-

153 3568 251 3632 tite
299 3580 372 3634 ut
431 3571 544 3659 pio
603 3569 818 3635 studio
871 3589 1005 3632 non
1043 3569 1494 3650 ammoneatis-3
1558 3578 1873 3654 quatenus
1920 3581 1994 3636 ut
2032 3581 2097 3636 et
2136 3581 2355 3636 vestra
2396 3571 2523 3636 sol-

155 3663 324 3733 lertia
374 3678 440 3733 et
497 3669 934 3734 subiectorum
995 3667 1404 3733 oboedientia
1457 3678 1721 3733 aeterna
1760 3670 2063 3736 felicitate
2110 3673 2188 3736 ab
2233 3671 2521 3757 omnipo-

161 3773 314 3832 tente
355 3767 504 3833 Deo
548 3777 1020 3834 remuneretur.

1107 3933 1563 3992 OMNIBUS.

295 4053 346 4120 I.
431 4054 604 4122 Sunt
657 4055 831 4120 enim
887 4055 1118 4141 aliqui,
1188 4057 1297 4142 qui
1347 4057 1553 4146 culpis
1620 4057 2033 4144 exigentibus
2090 4056 2169 4122 ab
2214 4053 2519 4146 episcopo

155 4155 392 4241 proprio
425 4155 1085 4238 excommunicantur,
1131 4165 1196 4220 et
1229 4158 1306 4221 ab
1335 4157 1477 4222 aliis
1516 4158 1964 4224 ecclesiasticis
1992 4157 2101 4221 vel
2129 4157 2306 4222 laicis
2336 4180 2520 4245 prae-

55 4275 57 4278 ⁴
153 4253 431 4320 sumtiose
492 4254 564 4320 in
625 4254 1142 4320 communionem
1198 4256 1630 4344 accipiuntur:
1697 4257 1874 4343 quod
1927 4258 2184 4322 omnino
2214 4267 2525 4322 sanctum

153 4347 452 4420 Nicenum
493 4355 859 4438 concilium,
898 4355 1092 4421 simul
1131 4365 1198 4421 et
1235 4353 1729 4439 Calcidonense,
1767 4379 2023 4422 necnon
2063 4367 2129 4422 et
2162 4358 2521 4423 Antioche-

153 4469 288 4515 num
321 4463 512 4542 atque
553 4453 964 4537 Sardicense,
1005 4455 1152 4520 fieri
1194 4455 1563 4543 prohibent.
