2959 4984
168 248 190 307 K
349 296 455 353 384
900 294 1537 347 OBERRHEINISCHE
1572 294 2228 349 KIRCHENPROVINZ.

343 464 496 529 dem
531 463 604 527 in
635 457 1002 527 authentica
1041 457 1250 522 forma
1273 456 1681 540 transmittat,
1722 457 1791 521 in
1816 456 2125 523 Archivio
2176 456 2551 543 praedictae
2580 454 2764 521 Con-

345 559 748 649 gregationis
793 556 1276 624 Consistorialis
1317 556 1401 621 de
1447 579 1633 621 more
1674 557 2084 623 asservanda.

523 660 804 745 (XXII.)
890 658 1280 723 Praesentes
1325 664 1543 721 autem
1585 656 1837 722 Literas
1859 704 1878 739 ,
1928 666 1995 722 et
2038 658 2108 722 in
2152 657 2247 721 eis
2292 664 2625 738 contenta,
2687 678 2773 719 ac

351 762 610 829 Statuta
669 778 1113 845 quaecumque
1167 757 1366 821 etiam
1423 778 1511 823 ex
1554 778 1631 823 eo
1651 804 1672 840 ,
1739 757 1915 841 quod
1962 758 2234 842 quilibet
2272 758 2341 822 in
2380 757 2769 845 praemissis

355 863 464 928 vel
509 883 734 927 eorum
776 860 992 943 aliquo
1037 857 1173 940 ius,
1217 867 1328 923 aut
1365 857 1687 924 interesse
1728 846 2063 941 habentes,
2110 858 2219 923 vel
2261 858 2771 943 quomodolibet

361 962 553 1027 etiam
593 962 662 1025 in
705 961 997 1025 futurum
1039 958 1285 1023 habere
1327 958 1831 1046 praetendentes
1876 959 2157 1023 cuiusvis
2200 966 2399 1024 status
2421 1007 2441 1041 ,
2486 957 2763 1041 ordinis,

357 1061 764 1143 conditionis,
811 1068 876 1125 et
906 1058 1473 1146 praeeminentiae,
1520 1082 1596 1123 ac
1638 1058 1903 1147 speciali
1942 1080 2222 1143 quoque,
2268 1058 2589 1146 specifica,
2638 1078 2762 1123 ex-

347 1185 572 1252 pressa
615 1170 682 1227 et
727 1158 1062 1225 individua
1103 1158 1432 1223 mentione
1484 1158 1669 1243 digni
1714 1159 1861 1240 sint,
1929 1158 2059 1223 illis
2109 1182 2242 1225 non
2286 1158 2763 1238 consenserint,

357 1286 474 1329 seu
515 1262 694 1348 quod
731 1260 930 1345 aliqui
975 1281 1061 1324 ex
1101 1258 1262 1345 ipsis
1305 1258 1390 1323 ad
1430 1257 1787 1345 praemissa
1832 1259 2096 1323 minime
2138 1260 2371 1341 vocati,
2416 1257 2527 1323 vel
2556 1258 2761 1322 etiam

352 1386 485 1429 non
545 1362 736 1444 satis,
795 1367 908 1425 aut
961 1357 1325 1423 nullimodo
1383 1358 1589 1423 auditi
1648 1358 1923 1441 fuerint,
1988 1359 2125 1424 sive
2168 1382 2255 1424 ex
2298 1359 2423 1423 alia
2467 1358 2767 1443 qualibet

351 1462 622 1529 iuridica
637 1510 658 1544 ,
715 1457 1160 1548 privilegiata,
1215 1480 1292 1523 ac
1329 1457 1923 1545 privilegiatissima
1964 1482 2187 1542 eausa,
2252 1460 2507 1540 colore,
2564 1480 2765 1546 prae-

355 1571 578 1645 textu,
639 1569 706 1626 et
763 1559 972 1648 capite
1031 1557 1222 1623 etiam
1283 1556 1355 1623 in
1415 1579 1691 1645 corpore
1730 1558 1889 1625 iuris
1934 1558 2149 1624 clauso
2168 1610 2187 1640 ,
2245 1560 2427 1625 nullo
2466 1581 2765 1643 unquam

357 1674 653 1752 tempore
701 1660 784 1727 de
825 1648 1282 1747 subreptionis,
1322 1657 1432 1721 vel
1469 1658 1891 1746 obreptionis,
1934 1669 2046 1724 aut
2079 1660 2387 1724 nullitatis
2414 1658 2591 1742 vitio,
2636 1680 2767 1724 seu

357 1761 734 1829 intentionis
775 1759 1095 1841 Nostrae,
1162 1767 1273 1824 aut
1311 1757 1629 1823 interesse
1672 1758 2052 1825 habentium
2098 1781 2445 1825 consensus
2458 1808 2480 1843 ,
2540 1759 2763 1825 aliove

359 1862 650 1949 quolibet
697 1860 956 1925 defectu
1000 1857 1406 1943 quantumvis
1450 1880 1691 1945 magno
1712 1907 1733 1941 ,
1782 1868 1848 1923 et
1890 1858 2290 1925 substantiali
2310 1908 2331 1942 ,
2378 1859 2517 1925 sive
2558 1860 2763 1925 etiam

361 1985 449 2029 ex
493 1984 568 2026 eo
593 2010 612 2044 ,
657 1960 834 2047 quod
886 1960 1326 2025 solemnitates
1345 2009 1365 2041 ,
1411 1968 1476 2024 et
1520 1981 1943 2045 quaecunque
1988 1960 2115 2024 alia
2154 1960 2374 2024 forsan
2418 1959 2767 2043 servanda,

359 2070 426 2127 et
482 2059 899 2147 adimplenda
947 2060 1015 2124 in
1057 2060 1428 2147 praemissis
1473 2060 1737 2125 minime
1780 2069 2035 2125 servata
2076 2068 2143 2124 et
2182 2059 2567 2147 adimpleta,
2636 2080 2767 2123 seu

355 2180 604 2243 causae,
646 2168 916 2247 propter
954 2181 1111 2244 quas
1157 2169 1533 2248 praesentes
1561 2160 2020 2242 emanaverint,
2062 2182 2193 2225 non
2216 2160 2615 2225 sufficienter
2640 2160 2765 2225 ad-

359 2260 612 2343 ductae,
656 2258 1043 2341 verifieatae,
1092 2267 1158 2323 et
1204 2259 1583 2325 iustificatae
1625 2259 1889 2342 fuerint,
1934 2258 2163 2341 notari,
2207 2260 2597 2346 impugnari,
2642 2268 2765 2325 aut

356 2360 511 2425 alias
557 2359 858 2447 infringi,
903 2358 1238 2448 suspendi,
1283 2360 1619 2445 restringi,
1660 2357 1942 2439 limitari,
1988 2360 2093 2425 vel
2134 2358 2203 2423 in
2250 2360 2765 2425 controversiam

354 2460 606 2544 vocari,
667 2460 804 2525 sive
859 2460 1169 2526 adversus
1225 2480 1332 2525 eas
1373 2459 1799 2525 restitutionis
1838 2460 1908 2525 in
1954 2459 2284 2545 integrum
2300 2508 2321 2541 ,
2380 2459 2763 2547 aperitionis

357 2561 486 2625 oris
501 2610 522 2644 ,
585 2569 698 2625 aut
737 2558 917 2624 aliud
958 2559 1413 2643 quodcumque
1452 2559 1645 2641 iuris,
1688 2558 1841 2625 facti
1854 2609 1875 2641 ,
1916 2560 2026 2623 vel
2064 2560 2345 2623 iustitiae
2386 2560 2763 2631 remedium

357 2659 722 2750 impetrari,
782 2667 892 2723 aut
933 2662 1052 2726 sub
1095 2658 1428 2745 quibusvis
1469 2659 1807 2725 contrariis
1852 2658 2445 2741 constitutionibus,
2490 2681 2759 2725 revoca-

357 2761 657 2842 tionibus,
699 2758 1208 2840 limitationibus,
1251 2759 1834 2825 modificationibus
1850 2808 1871 2842 ,
1918 2760 2216 2842 decretis,
2261 2783 2335 2824 ac
2379 2758 2765 2824 declaratio-

357 2859 544 2923 nibus
605 2858 1063 2942 generalibus,
1125 2858 1236 2921 vel
1299 2860 1686 2946 specialibus
1732 2858 2225 2944 quomodolibet
2262 2859 2445 2924 factis
2492 2858 2765 2923 minime

363 2979 556 3047 posse
601 2956 1103 3044 comprehendi,
1152 2956 1270 3021 sed
1313 2979 1575 3044 semper
1618 2962 1699 3025 ab
1740 2959 1869 3025 illis
1916 2969 2221 3048 exceptas
2265 2981 2441 3042 esse,
2486 2968 2554 3023 et
2594 2960 2763 3043 fore,

359 3082 436 3125 ac
491 3068 818 3143 tamquam
861 3078 950 3121 ex
993 3056 1376 3153 Pontificiae
1415 3056 1875 3124 Providentiae
1916 3058 2192 3142 Officio,
2258 3068 2433 3125 certa
2470 3059 2763 3141 scientia,

361 3169 428 3225 et
481 3157 817 3249 potestatis
873 3156 1278 3246 plenitudine
1320 3156 1581 3223 Nostris
1638 3159 1835 3223 factas
1854 3208 1874 3241 ,
1942 3168 2007 3224 et
2066 3169 2389 3227 emanatas
2438 3169 2764 3249 perpetuo

362 3260 608 3325 validas
629 3310 649 3343 ,
719 3266 786 3325 et
843 3258 1140 3324 efficaces
1185 3258 1504 3339 existere,
1570 3267 1637 3323 et
1676 3259 1819 3324 fore
1860 3282 2139 3345 suosque
2186 3260 2510 3348 plenarios
2558 3268 2625 3324 et
2667 3259 2765 3325 in-

362 3365 586 3441 tegros
629 3356 900 3421 effectus
947 3358 1163 3423 sortiri
1208 3367 1274 3423 et
1313 3357 1629 3441 obtinere,
1670 3380 1745 3423 ac
1783 3361 1863 3426 ab
1904 3361 2217 3443 omnibuS,
2258 3361 2342 3426 ad
2381 3382 2543 3445 quos
2579 3382 2764 3449 spec-

366 3464 488 3539 tat,
551 3464 616 3519 et
657 3457 1060 3540 quomolibet
1098 3458 1415 3545 spectabit
1455 3458 1527 3521 in
1568 3458 1855 3523 futurum
1900 3470 2259 3548 perpetuo,
2305 3460 2763 3525 inviolabiliter

361 3558 711 3641 observari,
757 3580 832 3621 ac
873 3558 1384 3643 supradictarum
1422 3558 1863 3625 Ecclesiarum
1900 3559 2265 3648 EpiscopiS,
2312 3570 2378 3625 et
2418 3557 2761 3647 Capitulis,

363 3658 655 3744 aliisque,
701 3680 975 3744 quorum
1013 3658 1306 3723 favorem
1337 3668 1715 3745 praesentes
1740 3659 2019 3725 Nostrae
2046 3660 2307 3726 Literae
2342 3669 2761 3742 concernunt,

358 3760 694 3849 perpetuis
737 3758 966 3825 futuris
1015 3758 1416 3846 temporibus
1457 3758 1836 3845 plenissime
1878 3760 2224 3847 suffragari
2276 3761 2555 3843 debere,
2624 3782 2761 3825 eos·

360 3862 638 3947 demque
679 3882 876 3949 super
914 3851 1282 3948 praemissis
1329 3859 1646 3943 omnibuS,
1688 3870 1755 3925 et
1796 3860 2093 3946 singulis,
2134 3860 2243 3925 vel
2275 3860 2541 3926 illorum
2570 3883 2759 3925 causa

359 3965 440 4029 ab
501 3963 821 4048 aliquibus
875 3960 1096 4047 quavis
1137 3959 1515 4025 auctoritate
1557 3960 1981 4047 fungentibus
2020 3960 2514 4046 quomodolibet
2552 3962 2753 4025 mole-

358 4064 512 4131 stari
556 4062 952 4153 perturbari,
1015 4060 1396 4146 inquietari,
1441 4060 1552 4124 vel
1596 4060 1938 4149 impediri,
1986 4082 2111 4125 nec
2152 4060 2238 4125 ad
2281 4060 2752 4148 probationem,

361 4151 478 4227 seu
530 4162 1040 4229 verificationem
1091 4182 1624 4246 quorumeunque
1664 4161 1731 4225 in
1770 4160 2005 4226 iisdem
2047 4161 2499 4249 praesentibus
2537 4184 2751 4226 narra-

357 4272 570 4329 torum
625 4286 911 4349 unquam
957 4262 1204 4343 teneri,
1269 4282 1482 4347 neque
1522 4262 1607 4327 ad
1650 4262 1719 4327 id
1759 4261 1828 4326 in
1866 4260 2145 4345 iudicio,
2209 4262 2316 4325 vel
2362 4270 2551 4327 extra
2590 4262 2757 4348 cogi,

359 4385 474 4429 seu
531 4364 838 4450 compelli
897 4383 1132 4451 posse,
1200 4370 1268 4427 et
1320 4361 1378 4425 si
1431 4382 1619 4425 secus
1680 4382 1878 4449 super
1934 4360 2037 4427 his
2082 4386 2121 4426 a
2162 4380 2485 4446 quoquam
2533 4359 2753 4446 quavis

355 4462 731 4527 auctoritate
777 4462 1090 4542 scienter,
1153 4462 1262 4527 vel
1303 4461 1687 4547 ignoranter
1730 4461 2081 4545 eontigerit
2122 4460 2455 4543 attentari,
2506 4459 2759 4527 irritum

1830 4572 1863 4581 κ
