2959 4984
431 317 467 371 4
915 312 1008 365 111.
1085 310 1464 370 MAROULFI
1500 310 1904 369 FORMULAE
1942 309 2341 367 SELEOTAE.

424 480 720 568 auspice,
765 478 1073 545 debeatis,
1167 476 1350 563 Agat
1393 498 1553 562 ergo
1595 476 1845 543 almitas
1888 484 2104 541 vestra
2123 524 2143 557 ,
2188 483 2369 542 utet
2403 484 2665 543 nostrae
2706 500 2829 541 vo-

421 580 738 647 luntatem
793 578 1156 643 devotionis
1207 577 1661 643 incunctanter·
1708 576 1997 641 debeatis
2038 576 2313 664 implere
2336 624 2355 659 ,
2416 586 2490 640 et·
2524 585 2653 641 tam
2701 599 2827 641 vos

424 702 616 765 quam
656 679 798 766 ipse
844 698 964 765 pro
1025 677 1367 743 stabilitate
1409 676 1603 763 regni
1644 676 1851 741 nostri
1890 676 2030 761 iugi
2076 676 2525 763 invigilatione
2562 678 2831 765 plenius

427 778 734 847 exoretis.

989 944 1336 1027 Concessio
1383 964 1621 1027 civium
1674 986 1795 1048 pro
1849 965 2245 1049 episcopatu.

583 1116 738 1183 VII.
825 1112 1182 1200 Suggestio
1222 1112 1551 1200 piissimo,
1621 1136 1696 1177 ac
1734 1114 2352 1200 praecellentissimo
2397 1114 2659 1178 Domno
2692 1114 2829 1179 'illo

421 1218 590 1305 Regi
631 1216 742 1281 vel
785 1212 1046 1283 Seniori
1089 1234 1426 1279 commune
1472 1211 1667 1296 illius,
1712 1236 1748 1277 a
1792 1214 1996 1279 servis
2042 1212 2313 1298 vestris,
2360 1236 2634 1300 quorum
2672 1216 2833 1279 sub-

419 1316 800 1405 scriptiones
843 1315 952 1378 vel
998 1312 1330 1398 signacula
1369 1314 1591 1377 subter
1635 1321 1938 1379 tenentur
1983 1312 2241 1379 inserta.
2326 1314 2836 1403 Principalitatis

419 1428 674 1484 vestrae
721 1416 1182 1501 circumspecta
1237 1413 1577 1477 clementia
1620 1414 1803 1493 novit
1840 1414 2006 1479 iusta
2044 1413 2414 1503 petentibus
2475 1416 2836 1501 dignanter

420 1518 749 1598 adnuere,
798 1536 913 1580 suo
954 1512 1414 1578 moderaminis
1453 1512 1692 1579 iudicio
1736 1513 2171 1601 ponderante,
2242 1516 2627 1603 praesertim
2675 1538 2835 1580 cum

420 1620 534 1684 illa
592 1616 1031 1705 deposcuntur
1071 1614 1366 1701 generali
1411 1636 1608 1702 prece
1631 1664 1649 1698 ,
1711 1624 2083 1681 cunctorum
2127 1638 2287 1681 voce
2309 1666 2329 1700 ,
2398 1614 2837 1681 communiter

423 1716 599 1802 quod
641 1716 972 1805 proficiat,
1037 1723 1404 1781 constanter
1451 1714 1783 1780 Ecclesiae
1824 1716 2123 1801 regimen
2166 1716 2489 1805 pullulare
2537 1714 2713 1801 quod
2763 1723 2838 1779 et

417 1818 595 1905 ipsae
640 1816 850 1903 regali
893 1816 1272 1881 clementiae
1315 1815 1525 1904 prosit
1567 1816 1787 1881 salutis
1832 1816 2074 1904 pariter
2113 1841 2188 1882 ac
2229 1817 2567 1881 mercedis,
2638 1818 2834 1899 Quo-

413 1919 585 1983 niam
633 1926 887 1982 sanctae
933 1916 1284 1981 memoriae
1328 1916 1428 1980 vir
1472 1917 1862 2004 apostolicus
1906 1916 2020 1981 ille
2047 1966 2066 1998 ,
2108 1917 2283 1982 illius
2326 1918 2508 1983 urbis
2548 1916 2831 2005 Episco-

415 2040 538 2105 pus
555 2067 576 2101 ,
617 2018 749 2082 fine
793 2015 1349 2103 adpropinquante
1385 2017 1463 2080 ab
1503 2015 1625 2079 hac
1662 2016 1811 2080 luce
1854 2015 2175 2101 migravit,
2212 2024 2505 2103 tempore
2550 2025 2837 2083 naturae

415 2116 824 2203 complente,
887 2138 972 2182 ne
1019 2116 1360 2181 destitutae
1405 2115 1566 2197 sint,
1631 2115 1807 2200 quod
1851 2116 2047 2197 absit,
2094 2136 2247 2179 oves
2298 2115 2664 2181 decedente
2708 2140 2833 2205 pa-

417 2224 624 2298 store,
655 2290 659 2295 ,
691 2214 761 2279 in
802 2215 946 2280 loco
991 2216 1283 2281 eiusdem
1329 2215 1707 2304 suppliciter
1767 2216 2167 2304 postulamus
2220 2224 2293 2279 ut
2337 2215 2676 2281 instituere
2726 2217 2833 2281 di-

413 2313 706 2401 gnemini
755 2315 1096 2379 inlustrem
1156 2316 1365 2380 virum
1430 2316 1616 2380 illum
1677 2315 1817 2400 (aut
1852 2316 2294 2381 venerabilem
2338 2314 2551 2399 illum)
2604 2316 2833 2381 cathe-

414 2414 572 2479 drae
615 2414 788 2479 illius
837 2436 1295 2498 successorem,
1340 2416 1408 2481 in
1456 2438 1583 2501 quo
1630 2423 1729 2480 est
1760 2416 2231 2503 praespicuitas
2268 2414 2583 2498 sublimiS,
2626 2414 2827 2501 inge-

372 2573 378 2577 .
410 2516 622 2579 nuitas
661 2516 964 2597 nationiS‚‘
1001 2515 1323 2600 elegantia
1362 2516 1721 2601 refulgenS,
1786 2515 2125 2601 diligentia
2168 2516 2489 2597 castitatiS,
2532 2516 2824 2582 caritatis

409 2616 721 2702 locuplex
765 2616 1084 2680 voluntas..
1169 2614 1729 2701 Inrefragabiliter
1790 2637 1983 2679 manu
2039 2623 2258 2680 nostra
2316 2615 2490 2681 hunc
2549 2634 2833 2681 consen-

415 2738 560 2780 sum
608 2714 1019 2780 decrevimus
1062 2716 1393 2779 roborare.

1457 2896 1515 2961 E
1555 2896 1721 2963 libro
1764 2896 1853 2963 H.

416 3026 519 3093 De
561 3050 801 3114 maqna
839 3051 914 3091 re
959 3029 1076 3115 qui
1115 3027 1252 3091 vult
1295 3028 1767 3093 exsenodochio
1812 3042 1924 3093 aut
1974 3032 2367 3093 monasterio
2418 3026 2827 3099 construere.
2949 3060 2950 3071 ¹

576 3176 631 3241 Ι.
708 3175 993 3241 Domino
1042 3198 1200 3241 vero
1250 3186 1469 3242 sancto
1520 3186 1713 3263 atque
1770 3177 1995 3243 sedula
2038 3179 2406 3245 ostensione
2448 3182 2831 3267 patentibus
2866 3240 2890 3263 ὗ

409 3275 722 3339 virtutum
779 3276 1104 3341 miraculis
1150 3275 1392 3341 Christi
1445 3278 1967 3343 remuneratione
2024 3278 2310 3365 fulgenti
2331 3328 2351 3361 ,
2422 3280 2703 3345 oratorio
2748 3306 2833 3349 ac

411 3376 650 3443 cellula
703 3375 772 3440 in
811 3376 1062 3441 honore
1107 3385 1362 3441 sanotae
1403 3400 1477 3443 ac
1521 3390 1780 3465 semper
1818 3378 2115 3465 Virginis
2160 3378 2497 3465 genitricis
2542 3378 2829 3447 Domini

409 3478 613 3543 nostri
656 3477 808 3542 Iesu
857 3476 1099 3543 Christi
1152 3486 1261 3541 aut
1312 3478 1382 3542 in
1438 3478 1701 3545 alterius
1746 3476 1970 3547 Sancti
2014 3488 2408 3561 constructa,
2448 3477 2563 3541 ille
2584 3526 2605 3559 ,
2664 3500 2831 3545 reus

410 3576 678 3661 quidem
709 3576 956 3643 meritis
988 3576 1270 3663 flagitiis,
1309 3600 1567 3663 quoque
1610 3580 1981 3661 sceleribuS,
2000 3578 2412 3667 praelascivis
2453 3575 2701 3643 actibus
2748 3603 2831 3645 ac
2949 3586 2950 3635 Ῑ

405 3678 604 3743 nimia
654 3677 964 3745 foeditate
1006 3678 1295 3765 pollutus
1313 3726 1332 3760 ,
1407 3678 1516 3743 vel
1556 3700 1756 3765 opere
1802 3678 2089 3743 omnium
2133 3680 2453 3745 bonorum
2502 3676 2827 3745 Christia—
2949 3724 2950 3727 =

407 3800 640 3843 norum
683 3778 886 3863 longe
925 3778 1079 3843 satis
1124 3787 1472 3845 extremus.
1539 3779 1686 3845 Hoc
1730 3788 1863 3845 tota
1902 3801 2073 3867 pene
2114 3787 2474 3845 sanctarum
2518 3775 2829 3865 Scriptuss

404 3901 624 3943 rarum
691 3878 894 3943 series
941 3878 1326 3945 Christianis
1370 3880 1674 3947 fidelibus
1738 3880 1847 3968 -pia
1918 3879 2369 3951 exhortatione
2424 3879 2833 3967 pronuntiat,

322 4022 326 4025 -
405 3979 532 4045 hoc
577 3979 770 4047 etiam
811 3980 1174 4045 tonitrualis
1211 3980 1326 4045 illa
1353 3980 1919 4068 Evangelistarum
1950 4003 2102 4063 vox,
2132 3990 2360 4046 ‘sancto
2408 3990 2829 4066 suggerente
2949 3984 2950 4043 l

403 4076 676 4167 Spiritu,
721 4103 835 4147 sua
875 4088 1196 4167 potestate
1243 4082 1671 4163 concelebrat,
1716 4090 1791 4145 ut
1831 4081 2021 4145 faciat
2060 4082 2129 4145 in
2168 4102 2491 4170 pauperes
2532 4081 2829 4149 eleemo-
2949 4070 2950 4101 ³

405 4201 638 4265 synam
686 4180 794 4265 qui
839 4181 980 4246 vult
1021 4181 1242 4248 tartari
1285 4182 1564 4247 evadere
1612 4181 1945 4269 supplicia.
2014 4180 2215 4248 Unde
2259 4191 2325 4245 et
2374 4181 2703 4248 Dominus
2750 4185 2831 4251 in
2949 4224 2950 4253 l

403 4278 767 4367 Evangelio
813 4282 1008 4347 dicit:
1095 4281 1310 4345 Vende
1377 4285 1593 4347 omnia
1654 4306 1819 4370 quae
1856 4281 2085 4362 habes,
2156 4295 2217 4347 et
2265 4282 2351 4347 da
2388 4282 2827 4367 pauperibus,
2949 4298 2950 4341 ὲ

409 4396 472 4447 et
511 4382 768 4447 habebis
811 4383 1184 4447 thesaurum
1227 4385 1296 4447 in
1337 4384 1538 4447 coelo.
1578 4382 1937 4449 Pensemus
1985 4404 2148 4470 ergo
2190 4404 2413 4449 omnes
2458 4380 2827 4453 Christiani
2949 4464 2950 4477 χ

409 4490 647 4568 quanta
690 4483 774 4547 sit
813 4482 1020 4569 pietas
1065 4490 1130 4547 et
1171 4481 1432 4567 largitio
1455 4483 1915 4571 Redemptoris
1956 4493 2031 4549 ut
2072 4483 2523 4571 eleemosynas
2565 4506 2829 4573 paupe·
2948 4518 2951 4557 ÷
