2959 4984
483 312 591 369 206
922 313 1172 366 XXXIII.
1247 309 1735 367 CONCORDATA
1776 313 2141 366 nsvamca
2187 313 2251 365 A.
2298 309 2455 367 1817.

483 479 846 559 iunioribus
890 477 1290 544 florenorum
1333 477 1515 542 mille
1558 483 2014 542 sexcentorum
2040 527 2060 561 ,
2104 500 2225 568 pro
2276 476 2567 562 quoh'bet
2610 497 2645 540 e
2684 475 2860 541 tribus

481 579 762 647 Vicariis
820 576 1180 644 senioribus
1243 577 1641 642 florenorum
1706 577 2229 664 octingentorum
2254 627 2274 661 ,
2337 599 2459 668 pro
2518 577 2798 662 quolibet
2833 598 2863 640 e

481 681 684 747 tribus
727 677 1004 747 Vicariis
1045 677 1402 744 iunioribus
1447 679 1847 743 florenorum
1889 687 2363 744 sexcentorum.
2408 715 2494 725 —
2552 676 2861 742 Dives-esis

489 780 1008 870 Bamberyensis.
1049 779 1180 866 Pro
1205 779 1722 870 Archiepiscopo
1766 780 2167 844 florenorum
2200 779 2572 865 quindecim
2595 777 2862 872 millium,

481 904 602 971 pro
667 880 1049 970 Praeposito
1105 881 1503 945 florenorum
1562 879 1759 948 trium
1823 879 2098 945 millium
2160 879 2702 966 quingentorum,
2760 900 2859 967 pro

478 982 749 1049 Decano
789 982 1186 1047 florenorum
1243 979 1440 1044 trium
1482 979 1760 1046 millium
1814 980 2320 1066 quingentorum
2339 1030 2359 1064 ,
2416 1003 2535 1068 pro
2599 981 2864 1066 quolibet

481 1106 518 1150 e
561 1083 846 1170 quinque
889 1080 1228 1148 Canonicis
1273 1080 1639 1146 senioribus
1700 1081 2099 1145 florenorum
2160 1080 2434 1161 millium
2480 1080 2859 1168 octingento-

477 1207 625 1251 rum
647 1233 667 1266 ,
736 1205 857 1272 pro
903 1181 1196 1267 quolibet
1258 1203 1294 1246 e
1342 1180 1627 1267 quinque
1676 1179 2022 1247 Canonicis
2081 1180 2438 1246 iunioribus
2482 1181 2859 1246 florenorum

479 1284 755 1350 millium
800 1282 1455 1368 quadringentorum,
1521 1303 1643 1371 pro
1686 1281 1979 1366 quolibet
2019 1301 2055 1345 e
2100 1281 2303 1346 tribus
2344 1281 2627 1346 Vicariis
2675 1281 2860 1346 senio·

479 1386 656 1451 ribus
702 1385 1100 1449 florenorum
1141 1381 1699 1468 octingentorum,
1758 1403 1876 1469 pro
1939 1381 2225 1466 quolicet
2282 1402 2317 1445 e
2358 1381 2563 1446 tribus
2608 1380 2862 1446 Vieariis

477 1485 836 1553 iunioribus
902 1485 1299 1549 florenorum
1364 1491 1842 1548 sexcentorum.
1907 1519 1984 1528 -·
2057 1481 2403 1546 Dt’oeceses
2469 1481 2861 1570 Auqmtana‚

486 1587 977 1652 Ratisbonensis
1041 1599 1101 1650 et
1147 1582 1669 1672 Hes-bipolensi&
1731 1583 1862 1649 Pro
1909 1583 2202 1668 quolibet
2238 1581 2562 1672 Episcopo
2610 1583 2865 1648 floreno-

481 1711 628 1753 rum
674 1687 903 1753 decem
947 1688 1254 1771 millium,
1319 1709 1438 1775 pro
1489 1686 1780 1772 quolibet
1818 1685 2206 1774 Praeposito
2248 1685 2651 1750 florenorum
2696 1683 2866 1749 trium

482 1788 758 1854 millium
781 1837 801 1871 ,
871 1811 990 1876 pro
1036 1788 1328 1873 quolibet
1371 1787 1640 1882 Decano
1697 1787 2093 1851 florenorum
2150 1785 2345 1850 trium
2392 1785 2707 1868 millium,
2763 1805 2865 1872 pro

489 1889 781 1975 quolibet
841 1911 876 1955 e
922 1899 1196 1974 quatuor
1237 1887 1582 1956 Canonicis
1637 1887 1999 1953 senioribus
2058 1887 2458 1952 florenorum
2516 1886 2700 1950 mille
2740 1907 2866 1950 sex-

483 1999 817 2055 centorum
839 2037 859 2070 ,
918 2011 1037 2077 pro
1083 1988 1373 2075 quolibet
1416 2010 1451 2053 e
1498 1996 1773 2074 quatuor
1819 1987 2158 2054 Canonicis
2202 1986 2561 2052 iunioribus
2606 1987 2865 2051 floreno-

483 2113 630 2156 rum
670 2090 850 2156 mille
880 2089 1525 2176 quadringentorum,
1565 2109 1688 2177 pro
1733 2089 2025 2174 quolibet
2068 2109 2104 2153 e
2136 2089 2342 2154 tribus
2362 2087 2646 2154 Vicariis
2677 2086 2867 2152 senio-

478 2191 657 2258 ribus
701 2191 1101 2256 florenorum
1141 2190 1706 2276 octingentorum,
1763 2210 1882 2277 pro
1928 2188 2221 2276 quolibet
2273 2211 2308 2253 e
2354 2187 2559 2254 tribus
2602 2185 2863 2252 Vieariis

474 2291 830 2357 iunioribus
880 2291 1278 2356 florenorum
1334 2299 1815 2356 sexcentorum.
1858 2325 1945 2338 —-
2013 2287 2359 2354 Dioeceses
2407 2287 2866 2365 Passaviensis‚

479 2391 974 2458 Eichstettensis
1035 2404 1096 2456 et
1142 2389 1501 2476 Spirensis.
1577 2389 1707 2455 Pro
1772 2391 2063 2474 quolibet
2098 2389 2421 2478 Episcopo
2488 2391 2867 2456 florenorum

482 2503 625 2560 octo
672 2493 968 2576 millium,
1011 2513 1132 2580 pro
1177 2489 1469 2576 quolibet
1486 2488 1871 2578 Praeposito
1895 2489 2294 2555 florenorum
2338 2490 2440 2556 bis
2482 2491 2664 2555 mille
2699 2489 2863 2576 quin-

477 2603 859 2681 gentorum,
919 2614 1040 2682 pro
1105 2591 1398 2677 quolibet
1435 2591 1705 2676 Decano
1750 2590 2149 2656 florenorum
2190 2591 2289 2656 bis
2336 2590 2517 2656 mille
2562 2590 2863 2678 quingen-

475 2703 719 2777 torum,
789 2714 910 2783 pro
955 2690 1248 2776 quolibet
1285 2712 1322 2756 e
1366 2700 1644 2776 quatuor
1688 2689 2030 2756 Canonicis
2080 2691 2441 2758 senioribus
2481 2693 2867 2758 florenorum

470 2791 651 2858 mille
696 2801 1187 2874 sexcentorum,
1244 2813 1364 2880 pro
1413 2791 1707 2876 quolibet
1745 2811 1782 2855 e
1820 2798 2097 2875 quatuor
2136 2788 2480 2856 Canonicis
2518 2791 2863 2858 iunioribus

473 2891 867 2956 florenorum
914 2891 1094 2955 mille
1139 2890 1796 2976 quadringentorum,
1843 2913 1965 2978 pro
2011 2890 2305 2975 quolibet
2350 2913 2385 2956 e
2431 2892 2635 2958 tribus
2676 2894 2859 2958 Vica-

476 2990 589 3055 riis
634 2989 994 3056 senioribus
1039 2991 1436 3059 florenorum
1479 2991 2032 3086 octingentorum!
2102 3013 2221 3080 pro
2269 2990 2561 3076 quolibet
2598 3015 2634 3058 e
2674 2993 2868 3058 tribus

467 3089 744 3155 Vicariis
801 3089 1161 3155 iunioribus
1219 3089 1618 3156 florenorum
1662 3099 2138 3155 sexcentorum.
2247 3091 2549 3175 Quorum
2592 3092 2867 3158 omnium

466 3191 796 3256 redituum
839 3211 1128 3256 summae
1169 3191 1382 3256 salvae
1427 3211 1687 3278 semper
1730 3201 1796 3256 et
1818 3191 2115 3277 integrae
2148 3192 2626 3258 conservandae
2672 3201 2869 3268 erunt,

474 3299 540 3356 et
585 3291 757 3356 bona
797 3289 1145 3376 fundique,
1214 3313 1297 3356 ex
1344 3291 1577 3376 quibus
1632 3291 2057 3380 provenient,
2120 3313 2244 3357 nec
2295 3292 2564 3358 distrahi
2588 3343 2608 3377 ,
2650 3316 2770 3358 neo
2805 3293 2869 3356 in

467 3390 814 3478 pensiones
857 3390 1090 3454 mutari
1132 3399 1460 3478 poterunt.
1504 3390 1831 3478 Tempore
1872 3399 2089 3454 autem
2132 3390 2483 3457 vacationis
2529 3391 2867 3479 Arch'iepi·

468 3489 823 3578 scopalium
863 3497 929 3554 et
969 3487 1452 3578 Episcopalium
1496 3487 1770 3556 Sedium
1785 3540 1805 3574 ,
1850 3490 2295 3577 Dignitatum,
2344 3489 2863 3573 Canonicatuum,

461 3589 990 3656 Praebendarum
1034 3612 1149 3655 seu
1185 3589 1649 3674 Vicariatuum,
1691 3589 2061 3680 praedictae
2101 3590 2432 3656 redituum
2454 3589 2759 3658 Summae
2796 3589 2863 3654 in

461 3691 808 3756 utilitatem
848 3691 1358 3780 respectivarum
1387 3691 1827 3756 Ecclesiamm
1868 3690 2329 3779 percipiendae
2374 3700 2441 3756 et
2484 3704 2857 3756 conservan-

465 3791 587 3858 dae
631 3801 838 3858 erunt.
880 3831 963 3840 -
1007 3791 1336 3858 Habitatio
1374 3792 1644 3880 insuper
1684 3800 1815 3857 tam
1848 3791 2381 3880 Archiepiscopis
2432 3801 2498 3856 et
2522 3789 2857 3880 Episcopis

466 3913 657 3977 quam
695 3891 1138 3978 Dignitatibus
1170 3941 1190 3975 ,
1260 3891 1607 3958 Canonicis
1652 3891 2013 3958 senioribus
2058 3901 2125 3956 et
2165 3890 2441 3956 Vicariis
2482 3887 2723 3980 pariter
2766 3910 2859 3953 se-

466 3992 752 4059 nioribus
774 4041 795 4075 ,
876 3991 1141 4057 illorum
1210 3993 1511 4079 dignitati
1568 4001 1636 4058 et
1702 3991 1895 4058 statui
1954 3992 2362 4081 respondens
2426 3991 2863 4079 assignabitur.

464 4091 596 4158 Pro
642 4093 815 4158 curia
855 4092 1420 4181 Archiepiscopali
1466 4103 1532 4158 et
1562 4092 1935 4184 Episcopali
1975 4115 2096 4182 pro
2146 4092 2427 4182 capitulo
2461 4102 2527 4157 et
2556 4087 2863 4158 Archivio

469 4193 769 4260 Maiestas
821 4191 957 4260 Sua
1003 4194 1267 4259 domum
1306 4204 1521 4284 aptam
1562 4195 1935 4282 assignabit.
1978 4233 2065 4243 —
2117 4193 2230 4260 Ad
2270 4192 2613 4280 negotium
2657 4190 2861 4272 huius-

467 4294 644 4357 modi
682 4293 1032 4377 redituum,
1075 4293 1426 4361 fundorum
1473 4306 1540 4361 et
1580 4299 1901 4362 bonorum
1946 4293 2401 4381 assignationis
2440 4293 2611 4359 intra
2650 4292 2855 4358 trime-

471 4397 600 4453 stre
652 4399 800 4477 post
854 4392 1344 4475 ratificationem
1385 4395 1748 4484 praesentis
1793 4394 2257 4462 Conventionis
2313 4395 2369 4460 si
2430 4393 2578 4459 fieri
2618 4389 2865 4482 poterit,
2937 4451 2938 4460 ,

473 4486 584 4548 vel
645 4487 728 4551 ad
771 4510 1092 4555 summum
1152 4491 1320 4560 intra
1373 4504 1685 4561 semestre
1742 4495 2216 4582 perficiendum
2270 4503 2543 4579 utraque
2606 4492 2862 4559 Contra-
