2959 4984
595 316 687 365 LI.
759 312 1072 365 LITERAE
1112 312 1207 363 PII
1241 312 1333 361 IX.
1377 312 1497 361 DIE
1534 310 1586 363 5.
1624 311 1789 361 Nov.
1834 310 1898 359 A.
1936 304 2092 359 1855.
2429 304 2535 363 297

126 483 276 551 Sua
312 480 414 545 :uti
455 476 754 559 intendit,
803 499 890 541 ex
929 475 1086 539 viris
1133 481 1573 561 componatur,
1616 471 1685 534 in
1730 469 1963 555 quibus
2012 468 2533 553 Angustissimus

126 581 445 647 fiduciam
494 577 931 644 omnimodam
976 576 1264 639 collocat.

295 680 622 747 ,Ceterum
669 700 744 743 ea
785 698 940 741 sane
981 675 1336 760 Majestatis
1385 672 1560 740 Suae
1604 694 1787 735 mens
1836 680 1937 737 est
1977 682 2043 735 et
2084 672 2271 737 firma
2308 674 2534 739 volun-

130 790 248 863 taS,
294 790 372 845 ut
407 780 641 861 omnia,
690 778 772 843 de
818 777 1050 862 quibus
1097 785 1485 841 conventum
1535 784 1652 857 est,
1699 797 1798 858 eo,
1844 796 1970 859 quo
1998 784 2385 840 conventum
2418 784 2535 858 est,

132 904 332 946 sensu
381 878 750 945 executioni
791 877 1196 960 mandentur,
1244 900 1318 941 ac
1359 876 1604 964 optimo
1638 877 1790 961 jure
1838 874 2249 962 sperandum,
2290 875 2358 939 in
2405 876 2535 941 Dei

130 982 416 1068 gloriam
459 980 922 1063 Ecclesiaeque
991 979 1266 1043 salutem
1325 985 1392 1041 et
1452 976 1911 1041 exaltationem
1967 974 2141 1039 omni
2208 997 2293 1038 ex
2351 983 2537 1061 parte

132 1104 476 1146 cessurum
523 1080 978 1166 gravissimum
1017 1078 1350 1164 negotium
1369 1125 1390 1160 ,
1435 1078 1615 1162 cujus
1664 1085 1837 1140 tanta
1875 1098 2023 1164 pars
2068 1074 2191 1139 fuit
2230 1068 2535 1139 Eminen-

132 1183 218 1246 tia
261 1182 528 1245 Vestra.

299 1281 543 1347 Eidem
575 1280 788 1345 denuo
837 1262 1115 1345 exhibeo
1161 1298 1448 1343 summae
1494 1274 1929 1341 venerationis
1976 1273 2381 1359 eximiaeque
2426 1274 2533 1338 ob-

131 1382 502 1447 servantiae
546 1402 794 1462 sensuS,
839 1380 1220 1464 quibuscum
1260 1398 1615 1465 permaneo

652 1496 1057 1562 Eminentiae
1097 1495 1376 1559 Vestrae
1416 1491 2025 1559 Reverendissimae

332 1614 656 1697 viennae,
699 1613 806 1677 die
854 1614 951 1677 19.
998 1611 1286 1698 Augusti
1335 1610 1517 1675 1855.

939 1730 1337 1794 humillimus
1381 1738 1446 1792 et
1490 1725 2100 1813 obsequentissimus
2144 1744 2369 1787 servus

933 1830 1106 1896 JOS.
1158 1828 1216 1895 O
1239 1830 1523 1892 thmar.
1572 1826 1667 1891 de
1713 1828 1926 1893 Raus
1948 1827 2145 1890 cher
2184 1847 2268 1888 m.
2311 1846 2375 1911 p.

572 1968 606 1999 ο
1139 1928 1692 2015 Archiepiscopus
1736 1920 2151 1992 Viennensis.

129 2116 242 2181 LI.
333 2116 725 2180 Litterae
771 2114 1345 2203 Apostolicae
1389 2138 1426 2178 a
1475 2112 1953 2180 Sanctitate
2000 2108 2170 2207 Sua
2215 2110 2364 2175 Pio
2414 2108 2536 2173 IX.

133 2209 482 2283 Summo
541 2214 984 2305 Pontifice
1043 2214 1143 2279 ad
1197 2215 1551 2303 Imperii
1612 2212 2071 2281 Austriaci
2117 2208 2534 2275 Cardina-

301 2379 308 2383 .
357 2319 537 2399 les,
580 2316 1328 2405 Archiepiscopos
1377 2327 1456 2413 et
1501 2312 1985 2405 Episcopos
2028 2313 2316 2377 Datae.

1050 2467 1112 2533 P
1115 2471 1214 2533 ius
1265 2468 1460 2554 Papa
1507 2464 1631 2532 IX.

303 2583 553 2649 Dilecti
593 2584 744 2649 Filii
785 2585 1011 2650 Nostri
1046 2608 1124 2649 >ac
1161 2584 1589 2651 Venerabiles
1627 2582 1907 2665 FratreS,
1952 2581 2226 2645 salutem
2266 2586 2333 2642 et
2356 2576 2537 2665 Apo·

135 2686 442 2751 stolicam
487 2685 1042 2754 Benedictionem.
1104 2686 1369 2776 Optime
1409 2685 1692 2767 noscitiS,
1733 2682 1977 2747 Dilecti
2019 2680 2170 2745 Filii
2206 2676 2432 2745 Nostri
2476 2684 2543 2740 et

132 2785 572 2851 Venerabiles
631 2786 894 2851 Fratres
916 2836 934 2867 ,
999 2785 1418 2852 Carissimum
1477 2787 1548 2851 in
1606 2784 1864 2850 Christo
1931 2782 2174 2863 Filium
2222 2780 2553 2847 Nostrum

131 2886 188 2951 F
187 2886 558 2951 ranciscum
597 2886 964 2975 Josephum
1003 2888 1308 2953 Austriae
1352 2888 1825 2975 Imperatorem
1871 2894 1937 2949 et
1968 2883 2225 2970 Regem
2251 2882 2537 2969 Apo-sto-

133 2987 340 3051 licum
405 2985 490 3051 de
536 2986 744 3051 Nobis
809 2997 875 3075 et
922 2989 1043 3052 hac
1081 2986 1321 3054 Sancta
1365 2986 1545 3053 Sede
1604 2996 1701 3051 tot
1744 3008 1899 3051 sane
1943 2986 2309 3051 nominibus
2353 3006 2535 3072 prae-

133 3088 314 3152 clare
371 3086 677 3151 meritum
727 3112 848 3176 pro
917 3089 1084 3155 avita
1145 3111 1258 3153 sua
1299 3088 1621 3174 religione
1668 3096 1735 3151 et
1772 3086 2016 3175 pietate
2058 3094 2250 3170 atque
2298 3084 2535 3149 eximio

132 3188 235 3254 rei
280 3187 895 3254 catholicaestudio
941 3190 1050 3253 vel
1091 3191 1169 3254 ab
1217 3190 1359 3277 ipso
1400 3190 1501 3253 sui
1542 3188 1811 3275 Imperii
1856 3186 2127 3275 exordio
2162 3187 2535 3272 justissimis

133 3278 418 3354 Nostris
451 3286 791 3353 desideriis
839 3310 1030 3374 quam
1069 3289 1497 3356 libentissime
1544 3272 1974 3373 obsequutuin
2014 3288 2178 3352 nihil
2217 3288 2538 3373 antiquius

134 3386 482 3468 habuisse,
543 3410 732 3472 quam
765 3398 924 3453 'suas
969 3413 1150 3454 curas
1199 3391 1752 3477 cogitationesque
1793 3388 1876 3453 ad
1921 3389 2271 3454 catholicae
2314 3389 2539 3454 Eccle-

134 3489 273 3554 siae
337 3489 706 3554 libertatem
767 3491 840 3553 in
893 3491 1302 3578 amplissimis
1355 3491 1486 3555 suis
1533 3490 1881 3555 ditionibus
1928 3489 2343 3555 asserendam
2388 3513 2538 3554 con-

131 3592 337 3672 ferre,
382 3588 680 3673 Eumque
723 3598 856 3654 tam
899 3591 1160 3655 salutari
1201 3590 1381 3678 operi
1425 3614 1685 3655 manum
1724 3590 2111 3673 admovisse,
2159 3592 2269 3656 ubi
2314 3591 2537 3653 decre·

135 3702 282 3755 tum
341 3689 449 3752 die
494 3690 591 3752 18.
637 3689 890 3777 Aprilis
935 3690 1130 3755 Anno
1191 3692 1354 3756 1850
1399 3690 1607 3755 edidit
1648 3715 1793 3756 cum
1836 3714 2085 3755 summa
2124 3691 2222 3754 sui
2262 3690 2560 3754 nominis'

135 3790 358 3877 gloria
403 3797 470 3853 et
507 3790 788 3854 maxima
829 3791 1384 3876 congratulatione
1423 3815 1497 3855 ac
1538 3792 1799 3856 laetitia.
1844 3792 2015 3856 Hinc
2052 3790 2228 3855 idem
2269 3789 2556 3875 religios
2618 3799 2621 3801 ’
2684 3882 2687 3889 Ι

135 3890 438 3956 sissimus
479 3889 842 3978 Imperator
886 3900 951 3955 et
991 3892 1141 3970 Rex
1165 3891 1422 3955 Nostris
1467 3892 2007 3979 postulationibus
2050 3890 2257 3976 magis
2298 3890 2367 3953 in
2399 3889 2536 3954 dies

135 3990 325 4055 filiali
365 4012 634 4077 prorsus
673 3990 916 4078 pietate
962 3992 1430 4075 obsecundans,
1475 4016 1551 4057 ac
1578 3995 1783 4079 probe
1808 4014 2227 4078 cognoscenS,
2272 3998 2537 4076 quanto-

137 4112 302 4179 pere
370 4090 684 4155 catholica
737 4090 1032 4156 Ecclesia
1051 4142 1071 4175 ,
1141 4093 1408 4177 ejusque
1469 4093 1763 4158 salutaris
1828 4092 2117 4157 doctrina
2171 4091 2254 4156 ad
2317 4112 2540 4155 veram

133 4192 539 4280 populorum
603 4190 978 4255 felicitatem
1038 4192 1700 4277 tranquillitatemque
1762 4191 2237 4280 procurandam
2294 4191 2534 4256 condu-

141 4303 260 4376 cat,
307 4316 348 4357 a
387 4290 600 4357 Nobis
641 4291 832 4355 enixe
877 4292 1276 4379 efflagitavit,
1322 4302 1393 4356 ut
1438 4292 1953 4357 Conventionem
1996 4315 2141 4356 cum
2170 4292 2324 4380 Ipso
2370 4292 2537 4358 inire

135 4394 486 4475 vellemuS,
531 4412 658 4475 qua
703 4392 1152 4459 ecclesiasticis
1192 4394 1388 4458 totius
1416 4392 1685 4482 Imperii
1733 4392 1831 4458 sui
1868 4401 1934 4457 et
1960 4392 2264 4476 omnium,
2308 4392 2537 4477 quibus

135 4495 298 4560 illud
347 4490 796 4575 constituitur,
846 4492 1162 4559 ditionum
1207 4495 1487 4580 negotiis
1533 4492 1935 4559 Auctoritate
1969 4492 2211 4559 Nostra
2254 4492 2540 4583 Aposto-
