2959 4984
387 325 494 381 254
674 325 972 376 XXXVIII.
1045 321 1291 374 BULLA
1327 321 1466 372 PRO
1508 321 1755 372 REGNO
1792 315 2197 371 BORUSSIGO
2241 321 2305 370 A.
2346 317 2509 372 1821.

390 488 842 552 confirmantes
887 485 1400 570 suffraganeams
1461 483 1530 546 in
1574 481 2005 548 Dioecesibus
2063 482 2279 568 Regni
2329 485 2679 550 Borussiae
2720 485 2788 549 in

383 589 614 673 quibus
657 585 984 652 constituti
1026 584 1477 672 reperiuntur,
1542 604 1653 646 eos
1699 582 1767 646 iu
1812 580 2221 665 Coloniensi,
2296 601 2371 649 ac
2410 585 2787 650 Trevirensi

380 688 810 754 Dioecesibus
857 685 1380 770 redintegramus
1406 733 1426 767 ,
1473 692 1539 746 et
1580 683 1662 748 de
1704 703 1873 747 novo
1918 683 2411 748 constituimus:
2479 694 2673 770 atque
2719 684 2787 749 id

381 788 550 852 circo
606 787 878 872 quilibet
922 784 1470 871 Archiepiscopus
1498 833 1517 864 ,
1583 792 1647 847 et
1686 782 2053 870 Episcopus
2098 783 2273 868 Nos,
2338 794 2403 850 et
2446 786 2781 850 Romanos

381 887 729 953 Pontifices
773 884 1202 952 Successores
1242 884 1521 980 Npstros
1565 883 1745 974 iuxta
1808 885 2278 974 praescriptum
2324 910 2573 952 morem
2634 910 2782 974 sup·

380 988 673 1076 plicabit,
746 996 825 1052 ut
861 987 1092 1071 aliquis
1135 984 1625 1050 Ecclesiasticus
1669 985 1795 1049 Vir
1848 988 2230 1074 opportunis
2295 991 2629 1076 praeditus
2685 1013 2785 1056 re-

379 1087 648 1173 quisitis,
694 1087 775 1151 ad
823 1085 1238 1171 suffraganei
1283 1108 1517 1149 munus
1564 1084 1983 1170 designetur,
2028 1110 2102 1151 ac
2140 1089 2403 1174 praevio
2452 1089 2782 1155 Canonico

376 1209 708 1279 processu,
750 1187 1146 1271 servatisque
1195 1186 1519 1250 consuetis
1560 1186 1785 1250 formis
1830 1187 1912 1250 de
1956 1187 2348 1274 Episcopatu
2396 1189 2670 1256 Titulari
2714 1192 2779 1258 in

375 1290 671 1355 Partibus
716 1287 1092 1352 Infidelium
1136 1294 1428 1351 assuetae
1471 1309 1799 1372 congruae
1842 1287 2292 1373 adsignatione
2332 1291 2780 1378 provideatur.

549 1389 746 1476 (XL.)
837 1386 1162 1471 Quoniam
1221 1409 1379 1452 vero
1437 1387 1831 1474 praeclaram
1880 1389 2383 1472 antiquissimam
2431 1389 2783 1458 Colonien-

379 1512 518 1555 sem
561 1488 809 1556 Sedem
857 1487 1505 1576 Archiepiscopalem
1550 1487 1852 1552 duximus
1896 1489 2503 1574 redintegrandam,
2570 1494 2785 1581 potius

378 1611 568 1674 quam
611 1590 1064 1678 Episcopalem
1126 1587 1373 1654 Sedem
1417 1588 2020 1674 Aquisgranensem
2080 1591 2253 1656 illius
2296 1593 2777 1677 quodammodo

383 1693 526 1756 loco
587 1691 821 1777 viginti
867 1691 1200 1755 dumtaxat
1258 1692 1336 1755 ab
1393 1691 1549 1755 hinc
1590 1689 1773 1754 annis
1842 1701 2123 1756 erectam
2167 1714 2597 1776 conservare3
2672 1695 2785 1758 ali-

379 1813 570 1876 quam
614 1801 832 1856 tamen
877 1789 1170 1856 Civitatis
1221 1791 1767 1876 Aquisgranensis
1825 1790 2143 1856 rationem
2200 1793 2571 1857 habendam
2638 1815 2783 1860 esse

385 1891 824 1956 existimantes
847 1942 866 1974 ,
934 1891 1194 1977 cognita
1239 1893 1432 1956 etiam
1473 1893 1542 1956 in
1584 1892 1652 1956 id
1696 1915 2019 1980 propensa
2065 1892 2483 1959 Serenissimi
2526 1894 2777 1959 Borus-

383 1993 494 2056 sici
537 1991 742 2076 Regis
785 1993 1148 2075 voluntate,
1218 1991 1623 2057 decernimus
1638 2043 1657 2074 ,
1720 2017 1795 2058 ac
1834 1993 2207 2076 statuimuS,
2266 1994 2443 2077 quod
2490 1994 2791 2060 Ecclesia

378 2094 495 2157 sub
543 2091 760 2156 Titulo
803 2092 1044 2156 Beatae
1091 2089 1336 2155 Mariae
1377 2092 1669 2178 Virginis
1730 2102 1915 2158 antea
1964 2091 2371 2158 Cathedralis
2429 2093 2496 2156 in
2566 2093 2789 2159 Colle-

378 2191 617 2277 giatam
662 2191 1055 2273 immutetur,
1097 2192 1364 2276 eiusque
1395 2191 1761 2277 Collegiale
1788 2193 2157 2280 Capitulum
2187 2203 2437 2259 constet
2474 2215 2560 2258 ex
2596 2195 2792 2259 unica

379 2301 627 2356 tantum
668 2291 1033 2380 Praepositi
1079 2292 1417 2379 dignitate,
1466 2302 1531 2356 et
1574 2316 1694 2358 sex
1734 2292 2225 2359 Canonicalibus
2275 2295 2471 2376 cuiuS,
2518 2303 2584 2358 et
2626 2317 2787 2378 quo-

378 2415 524 2457 rum
569 2391 848 2458 Collatio
897 2415 1156 2482 semper
1196 2393 1411 2478 quoad
1453 2393 1978 2481 Praeposituram
2025 2395 2445 2482 Apostolicae
2473 2391 2676 2475 sedi,
2716 2402 2784 2458 et

381 2493 593 2578 quoad
634 2491 1060 2559 Canonicatus
1109 2493 1322 2559 eidem
1375 2492 1541 2560 Sedi
1583 2485 2001 2581 Apostolicae
2049 2493 2414 2558 alternatim
2458 2514 2605 2557 cum
2654 2492 2783 2559 Co-

347 2593 652 2668 ‚loniensi
689 2593 1200 2681 Archiepiscopo
1252 2603 1547 2682 spectare
1596 2594 1831 2660 debeat
1873 2617 1946 2658 ac
1991 2594 2339 2682 pertinere.
2388 2593 2785 2658 Huiusmodi

378 2702 593 2756 autem
661 2690 1136 2780 Capitularibus
1164 2744 1183 2776 ,
1253 2716 1338 2758 ex
1399 2694 1715 2783 peculiari
1778 2694 1986 2780 gratia
2047 2693 2372 2758 licentiam
2436 2693 2780 2758 deferendi

383 2789 674 2878 Cappam
717 2813 1017 2878 magnam
1066 2793 1365 2876 sericam,
1422 2794 1695 2858 violacei
1759 2794 1993 2858 coloris
2037 2793 2319 2858 cordulis
2364 2793 2586 2858 sericis
2632 2795 2778 2856 sub-

379 2899 587 2954 sutam
631 2913 778 2954 cum
818 2891 1098 2977 pellibus
1139 2892 1492 2957 armellinis
1532 2894 1818 2967 hvemali
1840 2943 1859 2976 ,
1929 2893 2172 2958 aestivo
2216 2902 2432 2957 autem
2476 2903 2776 2980 tempore

380 2989 766 3054 Mozzettam
811 3013 1003 3076 supra
1039 2992 1465 3056 Rocchettum
1511 2993 1921 3057 concedimus
1974 3002 2039 3057 et
2078 2993 2535 3078 indulgemus,
2582 3002 2778 3076 atque

377 3088 649 3153 ulterius
691 3089 1058 3154 facultatem
1099 3091 1419 3155 condendi
1462 3101 1697 3156 statuta
1732 3092 1965 3156 iisdem
2008 3094 2223 3178 mod0,
2284 3103 2351 3160 et
2390 3096 2601 3160 forma
2646 3095 2783 3180 qui-

378 3189 500 3252 bus
566 3188 647 3288 de
705 3187 1014 3277 Capitulis
1073 3189 1561 3256 Cathedralium
1608 3191 2045 3257 Ecclesiarum
2109 3217 2306 3284 supra
2373 3195 2780 3260 eluculenter

382 3287 623 3352 dictum
669 3296 769 3352 est
807 3291 1165 3374 tribuimuS,
1213 3300 1279 3355 et
1316 3291 1745 3379 impertimur.

549 3387 780 3474 (XLI.)
852 3389 932 3453 In
973 3389 1461 3475 Exequutorem
1507 3391 1724 3477 itaque
1767 3393 2205 3478 praesentium
2242 3393 2630 3458 Nostrarum
2671 3395 2778 3459 Li-

381 3497 663 3553 terarum
707 3488 1110 3576 praedictum
1155 3491 1618 3556 Venerabilem
1666 3491 1961 3557 Fratrem
2003 3493 2357 3583 Iosephum
2382 3491 2784 3581 Episcopum

382 3589 901 3672 Warmiensem,
969 3589 1049 3652 de
1099 3589 1280 3654 cuius
1323 3592 1668 3678 prudentia
1695 3642 1714 3675 ,
1774 3593 2100 3676 doctrina,
2167 3602 2358 3678 atque
2404 3593 2779 3678 integritate

386 3690 733 3777 plurimam
788 3689 856 3754 in
900 3688 1186 3754 Domino
1253 3690 1554 3755 fiduciam
1596 3693 1946 3776 habemuS,
2006 3715 2317 3780 expresse
2357 3693 2786 3776 nominamuS,

387 3789 707 3876 eligimuS,
751 3790 1214 3873 constituimUS,
1263 3801 1327 3854 et
1369 3791 1773 3879 deputamuS,
1808 3793 2152 3880 eidemque
2190 3794 2665 3875 committimus»,
2710 3801 2787 3858 ut

384 3891 757 3978 supradicta
807 3891 1054 3973 omnia,
1106 3899 1172 3954 et
1211 3891 1468 3977 singula
1511 3917 1548 3956 a
1592 3892 1801 3959 Nobis
1847 3894 2157 3982 disposita
2198 3894 2283 3959 ad
2329 3893 2784 3982 praestitutum

383 3991 582 4055 finem
611 3991 955 4096 perducat,
999 3999 1190 4076 atque
1230 3991 1473 4079 pariter
1516 3993 1599 4057 ad
1645 3994 1947 4058 effectum
1990 4003 2291 4060 vacantes
2332 3993 2659 4058 Ecclesias
2700 3995 2783 4058 de

382 4090 633 4156 idoneis
681 4091 1053 4157 Pastoribus
1077 4141 1096 4174 ,
1159 4113 1324 4175 quae
1365 4093 1573 4181 prima
1615 4095 1960 4159 necessitas
2010 4103 2139 4176 est,
2201 4094 2324 4160 cito
2368 4093 2784 4181 providendi,

385 4200 452 4254 et
495 4185 751 4256 cunctas
806 4213 913 4256 res
970 4191 1454 4258 Ecclesiasticas
1514 4193 1595 4257 ad
1650 4194 1991 4259 meliorem
2032 4204 2306 4277 statum,
2377 4202 2443 4258 et
2482 4191 2785 4258 ordinem

383 4293 733 4357 revocandi
781 4295 1098 4377 quaslibet
1117 4292 1440 4358 Ecclesias
1492 4315 1797 4380 congrua,
1847 4304 1912 4358 et
1942 4295 2127 4358 firma
2168 4292 2495 4358 dotatione
2542 4294 2783 4359 muniri

384 4390 672 4471 studeat,
741 4393 956 4458 media
997 4394 1079 4458 ad
1120 4394 1247 4458 hoc
1287 4392 1651 4458 necessaria
1692 4393 2339 4478 benevolentissime,
2384 4417 2458 4458 ac
2496 4393 2782 4459 liberali-

384 4497 484 4550 ter
531 4488 878 4552 exhibente
919 4493 1334 4577 praelaudato
1379 4491 1811 4558 Serenissimo
1845 4494 2193 4559 Borussiae
2236 4495 2446 4580 Rege,
2493 4494 2603 4578 qui
2650 4519 2781 4559 ma-
