2959 4984
403 256 674 309 Lxxvu.
745 254 992 307 BULLA
1029 254 1172 307 PRO
1209 254 1456 308 REGNO
1494 255 1983 311 Moscovrnco
2022 260 2087 311 Δ.
2130 256 2286 311 1848.
2446 258 2552 315 469

149 447 434 497 examen
476 422 810 513 prealable
853 430 922 486 et
963 420 1120 489 d'un
1165 443 1480 489 concours
1522 430 1707 489 entre
1743 425 1841 489 les
1883 423 2216 491 candidats
2236 474 2257 510 ,
2296 423 2553 514 d’spres

152 530 253 594 les
297 526 526 613 regles
571 521 918 612 prescrites
961 542 1080 608 par
1123 521 1187 586 le
1233 520 1480 587 concile
1523 522 1607 587 de
1652 522 1915 590 'IX-ente.

322 625 475 691 Art.
514 620 772 687 XXXI.
869 619 980 685 'La
1035 620 1405 709 reparation
1461 620 1579 687 des
1640 622 1901 709 Eglises
1946 622 2367 707 Catholiques
2428 624 2555 691 Ro-

153 727 402 793 maines
447 746 520 789 se
560 721 676 789 fait
713 721 1062 787 librement
1102 743 1236 785 aux
1273 720 1428 787 frais
1473 722 1591 787 des
1636 744 2010 789 communes
2024 775 2044 808 ,
2108 746 2193 790 ou
2252 724 2368 791 des
2405 746 2552 811 par·

151 825 444 895 ticuliers
485 822 598 907 qui
643 820 972 888 voudront
1013 820 1152 885 s’en
1195 820 1490 907 charger.
1550 823 1735 890 Dans
1791 824 1855 889 le
1912 846 2017 889 cas
2066 846 2151 889 ou
2190 824 2370 890 leurs
2413 844 2549 891 res·

151 944 420 993 sources
461 943 542 987 ne
585 920 866 987 seraient
922 944 1040 1008 pas
1087 920 1455 985 suffisantes
1481 974 1502 1007 ,
1565 922 1649 987 ils
1705 931 2023 1011 pourront
2076 924 2429 989 s'adresser
2469 946 2551 989 au

153 1028 698 1097 Gouvernement
714 1019 1024 1107 Imperial
1064 1042 1234 1109 pour
1277 1042 1360 1085 en
1405 1022 1663 1087 obtenir
1703 1022 1803 1088 les
1831 1044 2093 1089 secours
2138 1022 2561 1089 necessaires·

151 1126 264 1195 On
317 1124 568 1189 avisera
608 1126 646 1185 a
685 1119 1040 1188 construite
1099 1119 1214 1185 des
1255 1119 1520 1207 Eglises
1566 1122 1905 1187 nouvelles
1966 1130 2033 1186 et
2086 1126 2125 1185 a
2165 1129 2553 1207 augmentet

147 1228 218 1291 le
257 1224 538 1291 nombre
579 1221 698 1286 des
739 1218 1072 1285 Paroisses
1117 1228 1330 1285 tontes
1385 1219 1485 1286 les
1546 1221 1673 1287 fois
1714 1242 1845 1306 ,que
1896 1228 2218 1310 pourront
2268 1218 2551 1305 l’exiger

147 1327 278 1393 soit
317 1322 868 1390 l’accroissement
913 1318 996 1385 de
1037 1319 1103 1384 la
1143 1320 1525 1407 population
1546 1372 1565 1405 ,
1609 1321 1737 1387 soit
1775 1321 1841 1386 la
1880 1329 2027 1409 trop
2075 1318 2325 1406 grande
2372 1322 2549 1386 eten-

143 1427 276 1491 due
319 1424 438 1491 des
480 1420 802 1511 parsisses
847 1419 1198 1485 existantes
1237 1428 1306 1485 et
1341 1420 1404 1485 la
1445 1420 1761 1487 difficulte
1804 1420 1921 1487 des
1962 1418 2549 1487 communicatione.

320 1522 472 1591 Fait
515 1526 554 1585 a
593 1520 800 1587 Rome
840 1520 906 1583 le
945 1520 986 1583 3
1029 1518 1214 1585 Aoat
1255 1518 1437 1585 1847.

139 1625 248 1709 (L.
275 1622 384 1706 S.)
428 1621 652 1708 signe:
698 1619 786 1684 A.
835 1617 1029 1685 Card.
1077 1617 1591 1685 Lambruschini.
1647 1616 1753 1701 (L.
1770 1614 1873 1701 S.)
1918 1619 2142 1705 signe:
2184 1618 2270 1683 D.
2306 1615 2541 1683 Gomte

547 1720 634 1785 de
674 1718 1004 1786 Bloudoff.
1089 1718 1194 1803 (L.
1225 1715 1326 1802 S.)
1369 1718 1594 1804 signe:
1637 1718 1725 1785 A.
1768 1718 2142 1785 Bouteneff.

262 1950 612 2019 LXXVII.
699 1948 952 2015 Bulla
995 1949 1840 2039 circumscriptionis
1885 1948 2443 2018 Dioecesium

575 2050 856 2136 Regni
897 2047 1443 2117 Moscovitici
1488 2050 1551 2116 d.
1602 2052 1660 2116 3.
1702 2047 1901 2117 Iulii
1948 2049 2132 2119 1848.

604 2199 762 2267 Pius
807 2200 1194 2289 Episcopus,
1240 2197 1489 2267 Servus
1532 2198 1890 2267 Servorum
1930 2201 2081 2267 Dei.

771 2317 890 2385 Ad
926 2316 1324 2405 Perpetuam
1365 2316 1489 2384 Rei
1528 2318 1930 2385 Memoriam.

321 2434 727 2505 Universalis
767 2432 1098 2499 Ecclesiae
1145 2454 1298 2497 cura
1342 2432 1547 2499 Nobis
1596 2432 1899 2499 divinitus
1958 2434 2297 2499 commissa
2334 2442 2554 2523 postu·

151 2538 270 2620 lat,
312 2542 510 2620 atque
555 2532 872 2619 efflagitat
881 2584 901 2617 ,
963 2540 1038 2597 ut
1069 2552 1328 2598 omnem
1349 2585 1369 2618 ,
1431 2554 1557 2618 qua
1595 2534 1725 2598 late
1760 2540 1959 2621 patet,
2000 2532 2415 2598 christianum
2452 2552 2554 2597 or·

141 2639 301 2703 bem
343 2642 618 2723 paterna
671 2633 932 2697 caritate
987 2633 1314 2721 complexi
1373 2634 1620 2699 nullam
1662 2632 2081 2721 Apostolicae
2134 2631 2415 2698 Nostrae
2460 2630 2553 2696 vi-

143 2734 484 2822 gilantiae,
524 2741 594 2798 et
637 2731 1088 2797 sollicitudinis
1129 2741 1382 2820 partem
1421 2754 1707 2819 unquam
1750 2733 2135 2818 omittamus,
2180 2752 2307 2817 quo
2351 2730 2421 2797 in
2445 2751 2549 2795 re-

151 2833 532 2901 motissimis
577 2852 836 2918 quoque
879 2833 960 2897 ab
999 2832 1123 2897 hac
1161 2830 1234 2898 S.
1279 2830 1463 2899 Sede
1506 2832 1885 2919 regionibus
1926 2830 2387 2900 Sanctissimae
2415 2830 2550 2897 No—

155 2943 338 3000 strae
376 2931 718 3019 religionis
763 2953 990 2997 causae
1019 2983 1038 3016 ,
1089 2954 1167 2997 ac
1207 2932 1521 3019 spirituali
1576 2932 1869 3001 fidelium
1928 2932 2343 3021 prosperitati
2398 2930 2549 2997 totis

146 3034 402 3100 viribus
449 3033 878 3117 consulamus,
923 3040 1119 3119 prout
1160 3031 1292 3098 Dei
1332 3033 1563 3118 gloria,
1612 3042 1679 3098 et
1712 3035 2070 3099 animarum
2116 3031 2307 3097 saluti
2344 3030 2552 3118 magis

147 3132 476 3222 expedire
517 3132 908 3199 noverimus.
952 3130 1126 3197 Hinc
1165 3132 1278 3197 ubi
1317 3154 1551 3199 arcano
1574 3132 1855 3199 Divinae
1898 3131 2354 3200 Providentiae
2399 3154 2549 3198 con-

143 3233 300 3299 silio
366 3231 438 3297 in
499 3232 626 3297 hac
673 3231 931 3298 sublimi
988 3230 1306 3321 Principis
1364 3231 1837 3321 Apostolorum
1882 3231 2210 3301 Cathedra
2254 3228 2549 3297 collocati

141 3333 348 3399 totius
389 3330 720 3397 Ecclesiae
761 3332 1202 3418 gubernacula
1245 3332 1577 3397 tractanda
1628 3332 2030 3419 suscepimus
2044 3384 2065 3418 ‚
2119 3332 2299 3397 nulla
2348 3332 2546 3399 inter-

141 3431 364 3521 posita
405 3452 586 3496 mora
623 3440 968 3519 paternum
1007 3429 1309 3516 animum,
1358 3430 1771 3515 studiumque
1801 3431 2118 3499 Nostrum
2163 3431 2245 3497 ad
2286 3431 2547 3519 amplis-

145 3532 350 3598 simas
388 3530 762 3597 Russiarum
806 3530 1074 3617 Imperii
1131 3530 1439 3615 regiones
1499 3532 1930 3597 convertimus
1947 3583 1966 3617 ,
2029 3532 2100 3597 in
2160 3530 2390 3616 quibus
2431 3531 2549 3595 Di-

142 3630 290 3697 vini
331 3628 538 3697 Verbi
583 3652 958 3719 praecones,
995 3630 1194 3695 latina
1235 3650 1496 3716 quoque
1541 3630 1834 3697 mittente
1878 3630 2191 3713 Ecclesia,
2233 3630 2552 3696 maximos

147 3731 451 3813 labores,
517 3738 590 3794 et
628 3730 1010 3816 gravissima
1057 3750 1350 3815 quaeque
1414 3732 1707 3819 pericula
1752 3741 2013 3797 strenue
2054 3738 2551 3815 constanterque

147 3828 484 3919 perpessi,
524 3852 600 3895 ac
639 3829 751 3894 vel
791 3830 1004 3919 ipsam
1023 3830 1479 3918 triumphalem
1520 3831 1813 3917 martyrii
1855 3831 2139 3896 lauream
2186 3828 2406 3918 adepti
2454 3854 2549 3895 sa·

149 3926 488 3994 lutiferam
509 3927 752 3995 Ohristi
795 3929 996 3995 fidem
1036 3952 1075 3995 a
1113 3930 1567 3995 vetustissimis
1606 3951 1813 4016 usque
1843 3930 2241 4019 temporibus
2270 3929 2551 4017 primum

149 4028 648 4114 annunciamnt,
690 4036 1153 4118 propagarunt,
1197 4028 1489 4115 nihilque
1520 4030 1903 4096 intentatum
1945 4030 2371 4115 reliquerunt,
2422 4050 2551 4115 quo

144 4129 303 4195 illos
342 4128 622 4216 populos
665 4129 750 4195 de
795 4150 1092 4195 error-um
1132 4130 1416 4195 tenebris
1477 4130 1563 4195 ad
1616 4130 1965 4195 catholicae
2006 4128 2291 4194 veritatis
2333 4130 2549 4196 lucem

147 4226 590 4295 traducerent.
633 4229 862 4315 Itaque
904 4229 1264 4297 illustribus
1305 4230 1503 4295 recol.
1546 4251 1737 4296 mem.
1786 4229 2099 4317 Gregorii
2120 4220 2308 4295 XVI.
2347 4229 2545 4295 Prae·

151 4327 520 4395 decessoris
574 4326 800 4395 Nostri
853 4328 1148 4417 vestigiis
1209 4329 1581 4397 insistentes
1634 4352 1779 4395 cum
1825 4328 2259 4397 Serenissimo
2297 4354 2373 4396 ac
2417 4329 2543 4395 Po·-

148 4426 518 4493 tentissimo
559 4427 1176 4518 Principe'JNicolao
1220 4429 1274 4495 Ι.
1329 4428 2183 4520 Βιιεείατιιῑιιῌωρετατοτοξ,
2248 4440 2316 4498 et
2352 4430 2545 4497 Polo-
