2959 4984
610 310 856 361 LXVIII.
933 308 1422 361 CONCORDATA
1459 305 1824 359 BADENSIA
1866 308 1929 359 A.
1972 302 2125 361 1859.
2473 308 2579 363 377

154 478 308 542 sive
363 496 448 541 ex
499 471 926 563 dispositione
971 471 1323 539 Sacrorum
1371 472 1711 539 Canonum
1752 472 1945 557 juxta
1986 482 2396 561 praesentem
2440 483 2507 539 et
2544 500 2583 539 a

153 574 233 644 S.
263 574 453 644 Sede
491 574 912 665 adprobatam
939 571 1272 640 Ecclesiae
1305 571 1715 661 disciplinam
1742 572 1870 661 ipsi
1904 574 2214 663 competit
2230 624 2251 657 ,
2300 584 2366 639 et
2394 598 2578 663 prae-

157 677 438 744 sertim:

243 820 306 885 1.
362 816 697 883 Beneficia
739 815 975 898 omnia,
1026 811 1316 901 exceptis
1360 812 1462 895 iis,
1510 834 1677 899 quae
1710 812 1846 900 juri
1877 822 2249 903 patronatus
2279 814 2580 901 legitime

367 916 691 1003 adquisito
741 916 1095 1001 subjacent,
1141 914 1471 995 conferre3

240 1036 306 1101 2.
365 1033 704 1100 Vicarium
749 1055 936 1097 suum
978 1030 1358 1118 generalem
1398 1040 1593 1115 atque
1625 1028 2175 1097 extraordinarios
2203 1030 2579 1099 Ordinaria-

368 1144 474 1200 tus
522 1131 946 1200 Consiliarios
1012 1140 1078 1197 et
1121 1131 1525 1196 Adsessores
1582 1131 1831 1217 eligere
1891 1140 1957 1197 et
2017 1132 2385 1215 nominare,
2452 1152 2578 1197 nec

365 1258 500 1301 non
543 1235 844 1300 Decanos
893 1233 1144 1297 rurales
1195 1231 1620 1315 confirmare3

241 1338 308 1401 3.
368 1332 690 1399 Examina
733 1342 870 1397 tum
913 1354 1034 1420 pro
1079 1330 1472 1417 recipiendis
1513 1331 1583 1396 in
1616 1328 2057 1398 Seminarium
2102 1331 2397 1415 alumnis,
2440 1338 2579 1395 tum

370 1458 491 1523 pro
551 1433 669 1516 iis,
737 1432 970 1518 quibus
1024 1430 1342 1498 beneficia
1395 1432 1753 1497 animarum
1795 1453 1987 1496 curae
2036 1431 2316 1497 obnoxia
2358 1432 2574 1497 confe-

368 1534 580 1600 renda
621 1543 791 1617 sunt,
839 1532 1307 1621 praescribere,
1348 1531 1639 1599 indicere
1680 1540 1749 1597 et
1790 1531 2117 1619 dirigere3

236 1638 306 1701 4.
363 1633 638 1701 Clericis
699 1657 914 1701 sacros
963 1632 1252 1701 Ordines
1313 1633 1610 1698 conferre
1668 1656 1803 1698 non
1862 1633 2070 1699 solum
2128 1632 2213 1697 ad
2271 1631 2491 1697 titulos
2538 1655 2577 1696 a

366 1736 564 1801 sacris
595 1732 964 1801 Canonibus
1011 1732 1422 1821 adprobatOS,
1467 1733 1587 1798 sed
1630 1732 1824 1798 etiam
1862 1733 1947 1798 ad
1991 1732 2249 1798 titulum
2278 1752 2572 1814 mensae3

239 1838 307 1904 5.
363 1836 474 1901 Ex
533 1858 862 1901 sacrorum
908 1832 1249 1901 Canonum
1299 1834 1700 1922 praescripto
1766 1854 1842 1899 ea
1888 1833 2103 1899 omnia
2147 1831 2450 1898 ordinare
2503 1841 2569 1897 et

363 1945 684 2019 statuere,
746 1956 912 2024 quae
957 1935 1037 1999 ad
1084 1934 1372 1999 divinum
1418 1935 1693 2019 cultum,
1755 1935 1839 2001 ad
1883 1933 2349 2000 ecclesiasticas
2391 1933 2571 1997 func—

366 2037 578 2103 tiones
623 2057 963 2121 sacrasque
1008 2036 1404 2100 ceremonias
1416 2085 1436 2119 ,
1512 2056 1805 2121 quaeque
1850 2035 1934 2101 ad
1980 2057 2057 2100 ea
2101 2034 2432 2124 pertinent
2474 2056 2574 2099 re-

365 2135 633 2224 ligionis
692 2134 1037 2220 exercitia,
1107 2135 1338 2222 quibus
1396 2136 1692 2201 fidelium
1750 2136 1958 2224 pietas
2006 2134 2215 2222 magis
2260 2144 2326 2199 et
2368 2134 2576 2220 magis

363 2238 661 2303 foveatur
709 2245 775 2301 et
821 2237 1282 2319 confirmetur3
1577 2238 1579 2240 ’

241 2341 306 2404 6.
359 2338 444 2405 In
486 2336 754 2426 propria
795 2336 1107 2403 Dioecesi
1145 2335 1432 2404 Ordines
1475 2359 1593 2401 seu
1631 2334 2193 2422 Congregationes
2232 2333 2575 2420 religiosas

361 2438 700 2523 utriusque
749 2458 945 2503 sexus
989 2462 1027 2503 a
1067 2436 1139 2504 S.
1185 2434 1364 2504 Sede
1405 2436 1790 2525 adprobatas
1834 2434 2262 2518 constituere,
2322 2433 2571 2500 collatis

359 2548 580 2603 tamen
619 2538 689 2603 in
734 2538 1026 2623 quolibet
1066 2562 1218 2603 casu
1261 2562 1406 2603 cum
1455 2539 1609 2605 Gub
1621 2538 1802 2603 ernio
1852 2534 2173 2617 consiliis;

240 2642 304 2704 7.
361 2636 740 2705 Convocare
807 2647 874 2705 et
929 2640 1262 2705 celebrare
1302 2637 1649 2725 Synodum
1708 2645 1846 2703 tum
1907 2634 2365 2700 dioecesanam
2427 2640 2566 2697 tum

357 2738 851 2827 provincialem.

329 2856 416 2922 V.
505 2854 750 2928 Causas
809 2877 1035 2921 omnes
1081 2854 1582 2936 ecclesiasticas,
1643 2874 1809 2939 quae
1854 2852 2053 2918 fidem
2068 2902 2088 2936 ,
2148 2858 2561 2933 sacramenta,

153 2980 378 3025 sacras
425 2956 813 3040 functiones,
851 2979 976 3022 nec
1016 2978 1147 3022 non
1169 2954 1380 3020 officia
1423 2964 1489 3019 et
1522 2955 1672 3040 jura
1712 2976 1892 3019 sacro
1925 2951 2283 3019 ministerio
2314 2951 2569 3018 adnexa

149 3057 537 3147 respiciunt,
590 3055 1090 3146 Archiepiscopi
1135 3056 1417 3121 tribunal
1459 3055 1544 3119 ad
1587 3077 1905 3120 canonum
1942 3077 2237 3119 normam
2281 3062 2349 3117 et
2378 3053 2570 3139 juxta

151 3158 546 3227 Tridenfina
587 3159 847 3223 decreta
880 3158 1164 3244 judicat3
1215 3155 1497 3244 proinde
1543 3155 1625 3221 de
1666 3156 1871 3220 causis
1914 3155 2107 3221 etiam
2136 3153 2569 3221 matrimonia-

153 3259 332 3325 libus
383 3257 704 3344 judicium
757 3258 947 3341 feret,
998 3256 1271 3321 remisso
1321 3264 1541 3321 tamen
1582 3255 1665 3319 ad
1704 3255 2002 3341 judicem
2046 3256 2444 3322 saecularem
2490 3254 2574 3319 de

151 3357 457 3423 civilibus
499 3357 888 3424 matrimonii
933 3356 1270 3422 effectibus
1308 3356 1576 3442 judicio.

333 3474 852 3564 Archiepiscopo
910 3472 1191 3540 liberum
1252 3471 1376 3537 erit
1421 3470 1829 3539 Clericorum
1886 3472 2190 3538 moribus'
2224 3472 2570 3559 invigilare

159 3583 360 3661 atque
407 3574 476 3640 in
517 3597 628 3641 eos
648 3625 668 3659 ,
733 3596 898 3659 quos
945 3583 1058 3640 aut
1093 3574 1266 3639 vitae
1311 3573 1599 3656 ratione,
1660 3581 1769 3637 aut
1816 3573 2425 3658 quomodocumque
2466 3593 2569 3637 re-

158 3675 599 3765 prehensione
661 3676 897 3763 dignos
955 3675 1312 3758 invenerit,
1381 3694 1627 3763 poenas
1690 3674 1776 3740 ad
1834 3694 2162 3740 sacrorum
2230 3671 2568 3739 Canonum

157 3798 463 3843 normam
504 3776 574 3841 in
615 3777 762 3843 foro
807 3800 923 3843 suo
965 3775 1290 3862 infligere,
1333 3776 1515 3841 salvo
1556 3784 1772 3841 tamen
1809 3774 2115 3841 canonico
2159 3794 2447 3838 recursu.

333 3890 666 3980 Competit
709 3892 1224 3981 Archiepiscopo
1289 3892 1360 3957 in
1405 3892 1637 3957 Laicos
1704 3890 2284 3958 ecclesiasticarum
2338 3888 2565 3974 legum

157 4002 686 4079 “ansgressores
731 3994 1020 4060 censuris
1063 3994 1601 4059 animadvertere.

331 4108 520 4175 Licet
562 4112 645 4177 de
674 4112 826 4198 jure
857 4120 1235 4201 patronatus
1255 4111 1468 4197 judex
1504 4108 1970 4177 ecclesiasticus
1997 4115 2364 4194 cognoscat,
2411 4130 2560 4173 con-

153 4211 358 4278 sentit
414 4221 631 4277 tamen
677 4210 748 4279 S.
793 4212 1042 4296 Sedes,
1101 4221 1174 4278 ut
1232 4213 1489 4298 quando
1548 4212 1631 4276 de
1675 4208 1885 4276 laicali
1927 4218 2267 4298 patronatu
2312 4218 2563 4296 agatur,

159 4312 511 4379 tribunalia
567 4314 918 4396 saecularia
964 4312 1260 4399 judicare
1303 4312 1556 4402 possint
1600 4312 1682 4377 de
1718 4310 1976 4397 juribus
2018 4320 2085 4377 et
2128 4310 2431 4377 oneribus
2475 4310 2559 4374 ci-

151 4413 397 4480 vilibus
463 4436 611 4478 cum
673 4414 782 4478 tali
841 4422 1183 4503 patronatu
1243 4412 1591 4496 connexiS,
1658 4433 1783 4477 nec
1835 4434 1968 4477 non
2024 4412 2105 4479 de
2150 4412 2557 4479 successione

152 4514 376 4601 quoad
429 4513 735 4580 eumdem
777 4523 1206 4605 patronatum,
1249 4536 1368 4579 seu
1407 4510 1884 4579 controversiae
1924 4522 2201 4600 agantur
2243 4514 2415 4581 inter
2447 4534 2555 4578 ve-
