2959 4984
434 257 541 316 692
612 256 1311 338 xom..1N.-.²›‘1⁸RU01·10
1354 260 1604 324 QUOAD
1645 263 2104 320 MATRIMONLA
2143 265 2374 316 utrm
2411 267 2475 319 A.
2513 263 2672 320 1830.

1106 356 1157 412 i.

432 423 600 511 his,
598 427 667 492 in
710 425 941 514 quibus
986 426 1141 492 estis
1162 477 1185 510 ,
1228 423 1546 542 angustiis
1589 427 1852 514 penitus
1893 427 2186 498 eximere
2225 451 2360 496 non
2403 431 2820 548 potuerimus.

442 522 580 592 sed
622 525 833 592 nolite
864 524 1153 614 deficere
1198 527 1437 592 animo.
1480 526 1638 614 Ipse
1681 525 2156 598 Serenissimus
2197 517 2364 616 Rex,
2405 533 2518 620 qui
2562 555 2822 623 propen-

432 645 570 691 sam
612 625 681 692 in
730 625 1085 694 catholicos
1128 627 1251 694 sibi
1290 627 1584 694 subditos
1633 629 2036 695 voluntatem
2077 630 2458 698 solemniter
2512 635 2822 726 patefecit,

428 725 793 812 factoque
774 749 917 816 ipso
954 725 1101 796 aliis
1136 727 1578 794 occasionibus
1631 729 2122 817 comprobavit,
2199 753 2338 798 non
2391 733 2676 818 patietur
2733 738 2822 819 (ut

426 827 621 916 plane
652 825 1123 910 confidimus)
1101 851 1171 893 ιιι
1206 828 1331 894 hoc
1369 829 1680 914 negotio,
1733 829 1910 914 quod
1959 830 2274 916 religiosa
2331 841 2550 899 vestra
2609 835 2816 900 efficis

430 927 681 994 directe
724 927 933 994 afficit
954 978 975 1010 ,
1016 927 1159 992 Vos
1204 927 1445 994 diutius
1485 930 1840 1016 exagitari
1827 981 1846 1013 ,
1909 931 2028 996 sed
2089 932 2530 998 anxietatibus
2575 933 2818 1000 Vestris

434 1051 555 1118 pro
598 1051 713 1094 sua
762 1027 1107 1094 clementia
1154 1037 1516 1097 commotus
1538 1079 1561 1114 ,
1601 1039 1668 1094 et
1709 1029 1972 1096 Nostris
2017 1031 2262 1118 pariter
2307 1033 2480 1098 votis
2527 1035 2818 1102 obsecun-

434 1129 617 1214 dans,
643 1129 851 1196 Vobis
897 1126 1204 1210 remittet,
1246 1137 1321 1193 ιιι
1356 1128 1723 1215 Religionis
1745 1127 2122 1196 Catholicae
2165 1131 2439 1218 regulas
2477 1132 2601 1198 hae
2643 1137 2818 1200 etiam

428 1231 496 1296 in
536 1249 609 1294 re
652 1249 913 1294 servare
954 1251 1029 1293 ac
1060 1228 1313 1313 exequi
1354 1228 1563 1294 libere
1604 1229 1896 1296 valeatis.
1961 1230 2162 1314 Quod
2223 1241 2300 1297 ut
2355 1232 2644 1302 feliciter
2683 1257 2812 1301 cve·

426 1331 562 1396 niat
581 1381 600 1415 ,
662 1353 703 1394 a
742 1329 888 1394 Deo
915 1380 936 1412 ,
989 1328 1059 1392 in
1100 1327 1283 1394 cuius
1326 1329 1625 1396 manibus
1667 1331 1864 1396 eorda
1907 1341 2058 1398 sunt
2091 1353 2332 1418 regum
2353 1383 2376 1418 ,
2445 1334 2812 1422 suppliciter

426 1428 908 1519 implorandum
968 1437 1115 1494 est:
1184 1429 1734 1514 quemadmodum
1787 1431 2062 1498 assiduis
2126 1433 2430 1521 precibus
2475 1433 2618 1500 Nos
2683 1435 2814 1502 faei-

426 1551 571 1596 mus
595 1581 614 1614 ,
672 1537 740 1594 et
778 1527 917 1595 Vos
966 1529 1213 1615 pariter
1272 1530 1467 1594 enixe
1533 1529 1820 1596 facturos
1883 1555 2016 1598 non
2083 1531 2474 1602 dubitamus.
2567 1537 2805 1604 Interea

426 1629 813 1718 praecipuae
828 1678 845 1709 ,
914 1650 1041 1714 qua
1082 1628 1223 1695 Vos
1266 1629 1764 1717 amplectimur,
1815 1631 2098 1696 caritatis
2161 1642 2400 1701 testem
2459 1657 2606 1704 esse
2650 1639 2812 1704 volu-

426 1751 569 1796 mus
610 1729 1029 1816 apostolicam
1087 1729 1661 1815 benedictionem,
1719 1752 1914 1816 quam
1958 1730 2505 1802 Fraternitatibus
2550 1738 2815 1830 Vestris,

424 1851 547 1894 nec
584 1851 719 1894 non
762 1830 939 1896 omni
1002 1827 1197 1895 Olero
1264 1851 1339 1894 ac
1385 1829 1570 1896 fideli
1611 1832 1856 1918 populo
1897 1830 2156 1898 Vestris
2213 1836 2384 1900 curis
2451 1839 2814 1904 concredito

420 1939 835 2020 peramanter
868 1932 1300 2019 impertimur.
1343 1930 1588 1996 Datum
1631 1929 1882 1998 Romae
1923 1932 2098 2020 apud
2141 1929 2214 2000 S.
2263 1933 2536 2004 Petrum
2576 1937 2684 2003 die
2722 1939 2818 2004 25.

422 2031 643 2098 Martii
697 2030 879 2096 1830.
1136 2040 1144 2048 “

422 2218 679 2288 XCIII.
763 2216 1260 2284 Instructio
1328 2215 1820 2284 Cardinslis
1865 2218 2180 2286 Albani
2241 2220 2304 2287 d.
2375 2221 2478 2286 27.
2528 2219 2820 2286 Martii

815 2317 979 2384 1830
1022 2317 1299 2404 quoad
1344 2317 1888 2385 matrimonia
1929 2318 2194 2384 mixta
2241 2319 2436 2386 lats.

584 2436 1044 2503 Sanctissimus
1085 2436 1410 2500 Dominus
1458 2433 1706 2500 Noster
1745 2434 1900 2498 Pius
1937 2434 2186 2500 Divina
2226 2434 2648 2502 Providentia
2683 2437 2816 2504 PP.

416 2535 611 2604 VHI.
680 2536 765 2601 ad
808 2535 1407 2623 Archiepiscopum
1462 2531 1969 2618 coloniensem,
2049 2545 2246 2619 atque
2313 2535 2400 2600 ad
2453 2537 2812 2626 Episcopo-⁴³
2920 2623 2921 2634 ἵ

414 2633 909 2720 Trevirensem‚
988 2635 1598 2700 Paderbornensem
1666 2643 1734 2699 et
1789 2634 2376 2700 Monasteriensem
2441 2638 2809 2704 rescribens
2920 2641 2921 2692 i

411 2757 535 2824 per
572 2736 792 2802 literas
842 2736 1021 2801 datas
1064 2735 1171 2800 die
1216 2735 1318 2800 25.
1364 2734 1586 2802 Martii
1630 2735 1794 2800 1830
1836 2734 1928 2800 eis
1975 2735 2104 2798 iam
2141 2735 2572 2821 significavit,
2615 2758 2811 2821 quam
2920 2721 2921 2736 ³

408 2858 647 2924 magno
688 2855 989 2902 moerore
1032 2837 1175 2924 ipse
1218 2837 1492 2902 affectus
1533 2836 1620 2900 sit
1659 2837 1745 2901 ob
1785 2857 2026 2921 graves
2065 2835 2422 2920 angustias,
2463 2837 2537 2902 in
2575 2835 2811 2922 quibus
2920 2837 2921 2840 '

406 2936 554 3001 illos
593 2937 843 3001 versari
886 2945 1331 3022 cognoverat,
1382 2947 1738 3024 propterea
1805 2935 1980 3023 quod
2027 2935 2238 3002 civ-ilis
2292 2934 2410 3002 lex
2469 2936 2540 3002 in·
2577 2957 2808 3004 eorum

408 3036 788 3123 regionibus
832 3057 997 3100 anno
1042 3034 1207 3100 1825
1250 3035 1384 3100 lata
1424 3036 1720 3100 statuerit
1749 3087 1768 3120 ‚
1837 3044 1914 3100 ut
1955 3035 2176 3122 proles
2236 3035 2574 3124 utriusque
2614 3059 2814 3103 sexus

408 3159 493 3202 ex
544 3135 969 3202 matrimoniis
1014 3135 1237 3200 mixtis
1294 3144 1434 3201 orta
1486 3137 1558 3201 in
1615 3136 1938 3221 religione
1996 3135 2200 3223 patris
2215 3185 2244 3219 „
2311 3147 2426 3200 aut
2481 3145 2666 3202 certe
2729 3139 2820 3202 ad

408 3237 546 3304 eius
592 3236 930 3302 arbitrium
972 3235 1305 3320 educetur,
1350 3244 1418 3300 et
1456 3235 1902 3302 sacerdotibus
1943 3233 2400 3319 interdixerit,
2449 3257 2538 3300 ne
2579 3259 2620 3300 a
2662 3259 2815 3324 per-

404 3338 581 3402 sonis
622 3337 942 3402 connubia
982 3336 1355 3402 huiusmodi
1406 3335 1836 3402 contractatis
1881 3336 2084 3400 ullam
2159 3335 2434 3420 exigant
2473 3357 2678 3423 super
2717 3360 2820 3402 re-

406 3435 641 3525 ligiosa
680 3437 935 3503 futurae
976 3436 1185 3524 prolis
1230 3437 1616 3502 edu-catione
1658 3436 2098 3524 sponsionem.
2187 3434 2342 3500 Non
2385 3435 2562 3500 enim
2605 3437 2826 3523 potuit

412 3535 734 3605 Sanctitas
778 3533 917 3604 Sua
956 3537 1092 3600 ullo
1140 3535 1335 3600 modo
1378 3535 1712 3600 declinare
1759 3559 1800 3599 a
1841 3535 2164 3600 constanti
2206 3535 2320 3600 illo
2365 3534 2621 3620 studio,
2691 3559 2824 3621 quo

412 3637 626 3706 Sedes
675 3637 1061 3725 Apostolica
1117 3657 1379 3723 semper
1437 3635 1862 3721 advigilavit,
1917 3645 1995 3700 ut
2041 3634 2234 3704 Sacri
2299 3633 2602 3701 canones
2625 3684 2644 3718 ,
2709 3637 2826 3721 qui

404 3739 639 3805 mixtas
680 3737 1049 3803 huiusmodi
1080 3737 1335 3824 nuptias
1369 3736 1802 3802 deformitatis
1851 3745 1920 3800 et
1941 3735 2310 3824 spiritualis
2344 3735 2620 3823 periculi
2679 3738 2826 3825 ple-

404 3863 519 3906 nas
570 3859 796 3904 severe
840 3837 1209 3926 prohibent,
1250 3835 1568 3923 religiose
1613 3835 2116 3904 custodirentur
2183 3835 2396 3902 Multo
2427 3845 2652 3902 autem
2698 3838 2826 3902 mi-

400 3963 523 4008 nus
572 3941 899 4006 declinare
940 3941 1153 4028 potnit
1204 3965 1244 4005 a
1288 3938 1690 4005 sanctissimo
1748 3937 1862 4001 illo
1906 3935 2104 4003 Sedis
2149 3936 2446 4002 eiusde-m
2487 3936 2826 4024 instituto,

401 4065 521 4132 per
566 4043 741 4128 quod
786 4041 1065 4108 Romani
1108 4039 1461 4106 Pontifices
1488 4087 1508 4124 ,
1549 4059 1752 4124 quum
1795 4036 2124 4102 interdum
2171 4035 2400 4122 (aegre
2445 4036 2708 4102 scilieet
2749 4049 2826 4104 et

402 4163 639 4230 graves
678 4151 930 4208 tantum
986 4143 1071 4208 ob
1112 4140 1369 4226 causas)
1430 4138 1842 4204 matrimonia
1909 4136 2302 4204 huiusmodi*
2332 4137 2828 4224 permitterent,

402 4243 535 4308 suis
574 4242 1168 4330 dispensationibus
1198 4241 1488 4306 adiicere
1533 4246 2012 4306 consueuerant
2055 4235 2494 4304 conditionem
2538 4259 2825 4326 expres*

401 4365 540 4407 sam
584 4343 667 4405 de
710 4341 1203 4428 praemittendis
1250 4340 1660 4408 matrimonio
1719 4338 2100 4428 opportunis
2155 4337 2571 4404 cautionibus
2593 4389 2616 4423 ,
2677 4363 2826 4408 ιιοιι

400 4439 598 4502 modo
640 4447 717 4500 ut
760 4439 1001 4520 conjux
1058 4439 1416 4505 catholicus
1474 4443 1560 4506 ab
1619 4439 2002 4506 acatholico
2049 4437 2354 4525 perverti
2375 4459 2512 4504 non
2561 4451 2826 4527 posset,
