2959 4984
372 248 479 303 252
656 248 955 301 xxxvm.
1026 250 1271 303 BULLA
1310 254 1453 305 PRO
1491 255 1740 308 REGNO
1777 212 2288 311 BORUsslco-A.
2327 256 2487 312 1821.

368 417 543 485 illius
598 415 1025 485 Territorium
1048 466 1069 501 ,
1135 417 1426 507 exceptis
1487 418 1820 484 dumtaxat
1858 420 2296 486 Decanatibus
2355 424 2765 491 Ostrszeszo-

370 520 573 585 wensi
600 568 617 599 ,
678 518 1084 605 Kempnensi
1124 518 1432 583 Dioecesi
1472 519 1901 584 Posnaniensi
1961 528 2035 584 ut
2087 543 2284 609 supra
2319 523 2768 613 incorporatis,

370 626 436 683 et
480 618 747 707 insuper
790 618 1157 683 Decanatus
1196 618 1581 701 Plessensis,
1629 628 1694 683 et
1731 619 2221 705 Bythomiensis
2265 646 2304 686 a
2349 622 2763 691 Gracoviensi

376 717 684 783 Dioecesi
728 716 1063 802 disiuncti,
1105 741 1227 784 nec
1268 742 1402 785 non
1445 728 1791 804 sequentes
1833 718 2181 785 paroeciae
2222 721 2290 785 in
2329 722 2630 806 Lusatia,
2677 726 2768 789 vi—

376 817 615 883 delicet
658 817 1109 884 Neocellensis
1150 818 1528 911 Monasterii
1568 819 1830 885 Nullius
1892 828 1966 883 ut
2005 843 2200 908 supra
2245 825 2582 910 suppressi
2611 874 2632 906 ,
2707 832 2772 889 et

370 917 533 983 aliae
589 927 993 1005 nuncupatae
1037 955 1115 967 -
1160 918 1607 985 Wittichenau
1666 956 1742 967 ——
1804 918 2253 986 Guntersdorf
2291 959 2370 969 -
2432 922 2766 988 Henners-

369 1016 524 1082 dorf
563 1054 640 1063 —
684 1016 1099 1083 Pfaffendorf
1136 1056 1214 1066 —
1259 1018 1635 1087 Ubersdorf
1673 1056 1751 1068 -
1795 1044 1834 1084 a
1869 1020 2142 1085 Decano
2191 1015 2604 1109 Collegiatae
2648 1023 2764 1089 Ec-

374 1115 607 1182 clesiae
661 1113 883 1183 Sancti
945 1117 1126 1183 Petri
1188 1118 1437 1207 Oppidi
1495 1118 1928 1185 Buddissinae
1975 1120 2046 1185 in
2108 1119 2370 1185 Lusatia
2428 1122 2766 1210 superiori,

374 1216 684 1281 hactenus
726 1217 1241 1283 administratae:
1316 1241 1480 1304 quae
1543 1240 1764 1284 omnes
1807 1220 2070 1284 insimul
2107 1220 2276 1284 intra
2317 1220 2486 1285 fines
2532 1222 2766 1287 Borus·

372 1313 483 1380 sici
525 1316 739 1403 Regni
780 1317 1125 1383 Paroeciae
1196 1319 1279 1383 ad
1337 1328 1718 1385 sexcentum
1785 1320 2020 1405 viginti
2058 1320 2250 1385 unius
2285 1342 2636 1388 numerum
2673 1346 2763 1387 as-

366 1416 663 1481 cendent.
734 1415 1159 1484 conservabit
1198 1418 1357 1483 item
1403 1418 1549 1486 illas
1564 1468 1584 1502 ‚
1633 1424 1792 1504 quas
1850 1429 1995 1485 actu
2053 1420 2250 1485 habet
2305 1420 2374 1485 in
2419 1420 2762 1487 Austriaca

370 1517 637 1582 Ditione
682 1517 1040 1584 Paroecias.
1126 1518 1355 1585 Futuri
1394 1528 1768 1607 praeterea,
1809 1543 1886 1584 ac
1927 1542 2046 1608 pro
2091 1528 2387 1609 tempore
2429 1522 2764 1587 existentis

370 1616 918 1697 Wratislaviensis
986 1616 1296 1707 Episcopi
1368 1618 1934 1689 Administrationi
1997 1631 2317 1709 perpetuo
2395 1622 2764 1688 subiicimus

369 1737 496 1799 eas,
542 1739 707 1803 quae
750 1742 788 1783 a
826 1718 1087 1784 Vicario
1131 1718 1516 1807 Apostolico
1555 1718 1940 1813 Missionum
1984 1721 2590 1811 septentrionalium
2632 1722 2762 1788 fue-

373 1829 525 1884 runt
593 1819 927 1905 hucusque
972 1818 1449 1885 administratae
1505 1818 1877 1905 Paroeciae'
1913 1820 1984 1885 in
2028 1813 2410 1887 Civitatibus
2456 1822 2764 1907 Berolini,

370 1920 723 1987 Potsdamii
744 1968 765 2003 ,
828 1918 1235 2008 Spandaviae
1258 1968 1279 2003 ,
1341 1919 1752 1985 Francofurti
1801 1920 1884 1984 ad
1929 1920 2248 1985 Viadrum
2267 1970 2287 2003 ,
2335 1918 2605 1987 Stettini
2619 1971 2639 2005 ‚
2701 1931 2764 1987 et

368 2020 813 2087 Stralsundiae
830 2070 850 2103 ,
910 2042 1205 2105 quaeque
1264 2020 1689 2107 imposterum
1733 2019 1798 2083 vi
1827 2010 1831 2015 ’
1857 2019 2415 2114 subdelegationis
2455 2021 2762 2111 Episcopi

369 2121 918 2187 Wratislaviensis
983 2145 1021 2186 a
1064 2125 1612 2209 supramemorato
1656 2119 2064 2211 Praeposito·
2103 2120 2502 2185 Parochialis
2543 2121 2762 2199 Eccle-

366 2222 497 2288 siae
544 2218 819 2288 Sanctae
861 2220 1204 2306 Hedwigis
1256 2220 1465 2286 dictae
1511 2218 1804 2285 Civitatis
1832 2221 2292 2286 Berolinensis·
2326 2230 2520 2287 erunt
2565 2220 2759 2287 admi·

366 2322 752 2388 nistrandae.
2522 2328 2527 2332 '

536 2422 913 2509 (XXXIV.)
956 2422 1263 2509 Denique
1300 2420 1732 2488 Warmiensis
1751 2418 2156 2509 Episcopalis
2181 2419 2542 2504 Ecclesiae,
2586 2421 2758 2510 Apo-

374 2523 638 2588 stolicae
684 2523 825 2588 sedi
870 2522 1111 2611 pariter
1152 2521 1523 2587 immediate
1579 2519 1924 2603 subiectae,
1963 2521 2304 2586 Dioecesis
2363 2544 2452 2586 ex
2497 2522 2758 2611 proprio

366 2623 600 2689 actuali
641 2623 1049 2689 Dioecesano
1099 2622 1457 2688 Territorio
1507 2620 1838 2703 constabit,
1882 2630 2075 2707 atque
2109 2621 2378 2710 insuper
2421 2644 2508 2687 ex
2551 2623 2756 2688 Deca-

369 2724 621 2788 natibus
662 2760 739 2770 —-
782 2722 1391 2787 Fiirstenwerdensi
1440 2758 1518 2769 --
1565 2720 2034 2787 Neuteichensi
2078 2759 2154 2769 —
2201 2722 2757 2809 Mariaeburgensi

368 2859 443 2870 —
494 2821 827 2887 Stumensi
889 2858 965 2869 -—-
1034 2832 1099 2888 et
1157 2820 1694 2907 Christburgensi
1744 2857 1820 2867 —-
1883 2844 2031 2885 cum
2086 2822 2216 2886 suis
2260 2818 2574 2887 Ecclesiis
2634 2833 2760 2887 tam

368 2922 835 2987 succursalibus
849 2970 869 3004 ‚
940 2944 1131 3009 quam
1172 2922 1508 2989 Filialibus
1573 2946 1612 2987 a
1651 2921 1960 2987 Dioecesi
2005 2920 2338 2987 Culmensi
2383 2922 2756 3009 disiungen-

370 3021 489 3106 dis,
530 3021 619 3087 ita
662 3030 735 3087 ut
762 3022 1019 3108 integra
1044 3022 1381 3089 Dioecesis
1415 3022 1696 3089 Centum
1725 3021 2178 3087 novemdecim
2199 3023 2544 3089 Paroecias
2593 3046 2754 3089 com-

364 3124 704 3211 plectatur.
1629 3205 1635 3211 .

538 3222 877 3307 (XXXV.)
956 3222 1328 3288 Praedictas
1394 3224 1610 3307 itaque
1653 3220 1999 3303 Civitates,
2057 3230 2124 3286 et
2161 3221 2487 3287 Ecclesias
2531 3224 2759 3291 Archi-

294 3326 299 3337 “
373 3324 771 3411 episcopales
818 3333 883 3388 et
924 3323 1367 3413 Episcopales‚
1411 3324 1700 3409 itemque
1736 3321 2080 3387 Paroeoias
2127 3331 2192 3386 et
2234 3322 2410 3387 Loca
2453 3325 2758 3413 respecti-

368 3424 467 3489 vis
514 3424 822 3490 Ecclesiis
868 3448 987 3513 pro
1012 3424 1319 3490 Dioecesi
1364 3424 1687 3505 attributa,
1737 3443 2090 3507 eorumque
2137 3422 2394 3487 Ine-olas
2427 3423 2761 3511 utriusque

370 3524 587 3593 Sexus
647 3534 777 3590 tam
826 3524 1116 3592 Clericos
1134 3574 1154 3607 ‚
1229 3546 1421 3609 quam
1464 3522 1690 3588 Laicos
1737 3522 1972 3587 iisdem
2037 3521 2350 3587 Ecclesiis
2407 3527 2761 3611 eorumque

371 3626 787 3693 Praesulibus
838 3648 959 3713 pro
1018 3625 1147 3690 suis
1190 3623 1551 3711 respectiva
1597 3621 1872 3689 Civitate
1896 3670 1916 3704 ‚
1978 3622 2336 3687 Territorio
2357 3672 2376 3706 ,
2434 3623 2762 3708 Dioecesi,

371 3725 567 3792 Glero
616 3735 680 3791 et
724 3726 977 3814 Populo
1020 3734 1341 3813 perpetuo
1386 3723 1809 3809 assignamuS,
1861 3732 1926 3786 et
1965 3721 2034 3785 in
2075 3722 2516 3809 spiritualibus
2563 3725 2760 3790 omni-

368 3827 563 3892 modo
618 3826 989 3891 subiicimus
1028 3826 1113 3890 ad
1157 3826 1281 3889 hoc
1351 3832 1423 3889 ut
1464 3823 1728 3889 cuilibet
1772 3821 2068 3887 Antistiti
2123 3823 2234 3886 vel
2272 3822 2399 3886 iam
2439 3834 2758 3911 promota,

371 3928 481 3991 vel
522 3926 590 3991 in
630 3927 915 3989 futurum
951 3925 1331 4013 Apostolica
1374 3922 1748 3989 auctoritate
1804 3922 2249 4013 promovendo
2293 3922 2487 3987 liceat
2528 3947 2652 4011 per
2693 3947 2760 3989 se

367 4028 478 4091 vel
518 4048 639 4115 per
681 4026 842 4091 alios
898 4047 1123 4090 eorum
1178 4024 1441 4090 nomine
1503 4023 1873 4111 (postquam
1915 4030 2132 4087 tamen
2176 4019 2756 4110 supramemoratus

368 4126 687 4215 Iosephus
735 4125 1095 4214 Episcopus
1128 4123 1561 4189 Warmiensis
1603 4130 1978 4211 praesentes
2017 4120 2267 4186 Literas
2313 4123 2572 4189 debitae
2614 4147 2756 4191 exe-

370 4227 608 4291 cutioni
652 4226 1054 4290 mandaverit
1073 4274 1093 4308 ,
1173 4234 1236 4288 et
1282 4224 1495 4309 quoad
1537 4224 1876 4289 nonnullas
1921 4222 2376 4310 dispositiones
2419 4249 2596 4291 nunc
2641 4251 2752 4315 pro

372 4334 525 4390 tunc
562 4348 601 4387 a
622 4325 831 4391 Nobis
872 4328 1069 4391 factas
1110 4348 1256 4390 cum
1292 4332 1548 4411 tempus
1587 4342 1708 4411 pro
1749 4322 2006 4387 illarum
2045 4326 2429 4391 executione
2469 4337 2544 4392 ut
2569 4352 2756 4418 supra

378 4424 715 4489 definitum
756 4423 1118 4509 advenerit)
1152 4446 1394 4506 veram,
1435 4424 1701 4505 realem,
1727 4424 2042 4488 actualem
2087 4434 2152 4489 et
2180 4428 2585 4515 corporalem
2611 4452 2752 4519 pos-
