2959 4984
453 270 564 327 400
604 272 798 325 Lm.
836 268 1082 323 BULLA
1121 270 1695 327 conmmolmu
1720 270 2111 327 BADENSEM
2142 274 2603 329 CONFIRMANS
2620 272 2827 328 &185³

627 430 722 499 Er
763 441 1071 499 erneuert
1113 432 1221 499 bei
1272 432 1524 499 diesem
1568 433 1851 499 Anlasse
1896 434 2027 501 den
2065 436 2559 523 vorgedachten
2598 440 2831 507 Herren

455 532 1089 620 Bevollmiichtigten
1121 532 1230 598 die
1261 532 1741 621 Gesinnungen
1771 535 1987 600 seiner
2020 538 2606 623 ausgezeichneten
2629 540 2825 605 Hoch-

455 634 691 699 achtun
747 681 761 696 .

694 656 742 720 g
1129 715 1330 802 (gez.)
1377 714 1575 783 Garl
1617 716 1975 804 August
2024 718 2221 786 Card.
2262 742 2395 787 von
2439 724 2717 789 Reisach.

902 832 1057 897 Den
1097 832 1358 897 Herren

629 932 984 999 Freiherrn
1026 955 1088 997 v.
1132 930 1490 998 Berkheim
1531 934 1668 999 und

767 1032 888 1099 Dr.
935 1032 1146 1097 Franz
1192 1031 1509 1115 Rosshirt,

458 1132 1099 1219 Bevollmsschtigten
1141 1130 1247 1198 Sr.
1295 1132 1571 1219 Konigl.
1616 1132 1863 1200 Hoheit

585 1234 700 1300 des
747 1232 1242 1319 Grossherzogs
1286 1254 1418 1299 von
1462 1233 1710 1300 Baden.

455 1418 702 1487 LXIX.
805 1418 938 1483 Pii
1007 1418 1296 1483 divina
1366 1415 1925 1506 providentia
1987 1418 2270 1505 Papae
2310 1419 2435 1485 IX.
2500 1422 2825 1487 litterae

459 1518 1016 1609 Apostolicae
1063 1518 1126 1583 d.
1167 1518 1269 1583 22.
1311 1520 1772 1607 septembr.
1824 1518 1989 1583 1859
2032 1518 2349 1603 quibus
2398 1524 2827 1589 conventio

459 1619 686 1683 inter
729 1618 1127 1687 Sanctam
1171 1616 1481 1685 Sedem
1530 1627 1609 1683 et
1650 1616 2328 1687 Serenissimum
2364 1622 2827 1710 Principem

613 1718 1006 1807 Magnum
1049 1720 1468 1786 Badarum
1505 1719 1822 1786 Ducem
1860 1719 2077 1785 inita
2120 1722 2697 1789 confirmatur.

914 1868 1069 1935 Pius
1112 1868 1497 1961 EpiscopuS‚
1544 1866 1793 1935 Servus
1838 1866 2197 1935 Servorum
2238 1870 2391 1936 Dei.

1061 2019 1177 2085 Ad
1218 2019 1617 2108 Perpetuam
1657 2019 1781 2085 Rei
1822 2018 2227 2087 Memoriam.

613 2136 890 2202 Aeterni
912 2136 1198 2202 Pastoris
1237 2136 1476 2201 vicaria
1517 2136 1625 2202 hic
1662 2136 1731 2200 in
1774 2136 1964 2201 terris
2006 2139 2375 2225 procuratio
2420 2139 2626 2205 Nobis
2662 2141 2822 2205 nullo

453 2246 630 2303 certe
667 2236 1048 2303 meritorum
1101 2236 1414 2323 suffiagio
1429 2286 1450 2321 ,
1525 2236 1643 2302 sed
1688 2237 2002 2303 ineffabili
2058 2238 2339 2305 Divinae
2404 2240 2823 2328 providentiae

447 2337 716 2403 consilio
761 2338 1101 2405 commissa
1145 2338 1431 2427 postulat
1467 2346 1543 2401 ut
1580 2340 1796 2402 omnia
1816 2336 2059 2403 Nostra
2104 2339 2369 2405 consilia
2410 2349 2479 2405 et
2522 2340 2728 2406 studia
2768 2342 2822 2404 in
2930 2254 2933 2475 ι

445 2438 735 2505 universi
776 2439 1106 2507 Dominici
1149 2439 1378 2527 gregis
1428 2438 1719 2521 salutem,
1768 2447 1837 2503 et
1884 2437 2255 2504 Catholicae
2297 2438 2633 2507 Ecclesiae
2653 2440 2814 2506 utili·

449 2546 648 2603 tatem
688 2540 930 2626 ubique
974 2539 1487 2629 promovendam
1531 2538 1791 2604 assidue
1842 2540 2267 2605 conferamus.
2314 2542 2640 2624 Quocirca
2665 2543 2817 2629 Apo·

451 2638 708 2704 stolicas
752 2640 1024 2707 Nostras
1069 2662 1275 2725 curas,
1323 2638 1881 2726 cogitationesque
1924 2638 2006 2704 ad
2052 2640 2519 2707 ecclesiasticas
2562 2642 2821 2730 superio·

452 2737 544 2803 ris
585 2740 796 2805 Rheni
837 2741 1203 2829 provincias
1247 2740 1423 2807 omni
1464 2740 1679 2805 studio
1718 2740 2174 2823 convertimus,
2216 2748 2291 2805 ut
2327 2739 2421 2806 ibi
2459 2741 2821 2807 sanctissima
2926 2798 2928 2809 .

447 2848 672 2905 nostra
710 2840 972 2927 Religio
1017 2841 1262 2905 maiora
1311 2840 1382 2906 in
1425 2840 1565 2906 dies
1600 2840 2000 2907 incrementa
2043 2840 2379 2929 suscipiat,
2454 2850 2523 2907 et
2562 2839 2821 2926 quotidie

447 2936 662 3024 magis
703 2960 1019 3027 prospere
1063 2939 1471 3023 feliciterque
1512 2940 1768 3027 vigeat,
1840 2948 1905 3005 et
1948 2940 2196 3005 floreat.
2286 2939 2553 3005 Etenim
2598 2940 2816 3008 etiamsi

446 3036 842 3101 recolendae
880 3037 1232 3103 memoriae
1275 3037 1829 3105 Praedecessores
1852 3039 2077 3105 Nostri
2119 3038 2276 3105 Pius
2317 3042 2696 3127 praesertim
2708 3040 2821 3107 VII

445 3136 583 3201 suis
626 3138 1026 3225 Apostolicis
1069 3138 1334 3205 Litteris
1378 3138 1601 3205 XVII.
1644 3138 1975 3205 Kalendas
2021 3136 2435 3228 Septembris
2496 3162 2667 3205 anno
2704 3138 2819 3203 mil-

444 3236 672 3303 lesimo
715 3238 1254 3327 octingentesimo
1300 3240 1611 3306 vicesimo
1650 3240 1862 3329 primo
1908 3242 2026 3305 sub
2072 3240 2341 3329 plumbo
2385 3240 2586 3324 datis,
2644 3249 2707 3304 et
2742 3238 2816 3302 in·
2922 3276 2924 3283 ·

443 3336 828 3425 cipientibus
875 3340 1200 3421 „Provida
1242 3342 1645 3427 solersque‚“
1709 3364 1785 3405 ac
1824 3340 1962 3405 Leo
2006 3338 2164 3404 XII.
2218 3360 2340 3427 per
2404 3339 2565 3405 alias
2608 3338 2818 3405 similes

440 3436 720 3502 Litteras
757 3436 882 3503 III.
939 3438 1095 3505 Idus
1137 3440 1386 3529 Aprilis
1449 3464 1617 3506 anno
1678 3440 2027 3505 millesimo
2082 3440 2629 3525 octingentesimo
2671 3440 2813 3503 vice-

441 3538 604 3603 simo
649 3537 926 3627 septimo
971 3538 1213 3623 editae,
1271 3564 1543 3627 quarum
1586 3540 1839 3605 initium
1884 3540 2039 3622 „Ad
2079 3538 2410 3605 Dominici
2451 3539 2681 3626 greg-is
2726 3561 2812 3602 cu·
2920 3538 2922 3561 ³

446 3638 762 3705 stodiam“
811 3638 1261 3705 ecclesiasticis
1307 3640 1681 3705 earumdem
1724 3640 2200 3727 provinciarum
2245 3639 2555 3725 negotiis,
2600 3662 2672 3732 ac
2709 3637 2811 3726 spi-

443 3740 660 3806 rituali
715 3740 978 3806 illorum
1033 3740 1330 3805 fidelium
1387 3742 1561 3806 bono
1626 3750 1921 3807 accurate
1988 3740 2365 3830 prospicere
2441 3740 2817 3819 studuerunt,

448 3850 661 3907 tamen
705 3843 912 3931 probe
957 3843 1507 3927 cognoscebamus
1528 3890 1547 3925 ‚
1622 3842 1705 3907 ob
1748 3864 1967 3907 rerum
2009 3864 2083 3905 ac
2124 3849 2492 3929 temporum
2532 3838 2815 3904 vicissitu-

445 3939 630 4005 dines
689 3941 812 4005 alia
867 3965 904 4005 a
947 3940 1155 4007 Nobis
1213 3942 1621 4030 suscipienda
1684 3964 1825 4008 esse
1883 3940 2150 4008 consilia
2212 3952 2351 4006 tum
2412 3940 2497 4006 ad
2534 3939 2813 4005 maiorem

443 4039 705 4107 illorum
743 4040 1038 4107 fidelium
1071 4042 1412 4107 utilitatem
1451 4042 1946 4131 procurandam,
1990 4053 2128 4107 tum
2172 4042 2256 4107 ad
2298 4065 2406 4107 eas
2448 4038 2810 4107 amovendas

445 4140 860 4207 difficultates
881 4194 901 4228 7
963 4164 1128 4229 quae
1168 4143 1412 4208 ultimis
1447 4142 1631 4208 hisce
1674 4142 2083 4231 potissimum
2128 4142 2531 4230 temporibus
2578 4148 2813 4207 exortae

441 4244 722 4309 fuerunt.
762 4244 1048 4309 Maxima
1091 4242 1295 4331 igitur
1337 4243 1581 4309 laetitia
1622 4244 1835 4310 affecti
1877 4244 2136 4328 fuimus,
2184 4243 2297 4309 ubi
2350 4240 2810 4319 SerenissimuS,

439 4367 515 4408 ac
557 4342 970 4409 Celsissimus
1009 4343 1258 4431 Regius
1277 4342 1595 4431 Princeps
1613 4341 1981 4424 ‚Federicus
2008 4342 2289 4429 Magnus
2318 4342 2649 4408 Badarum
2679 4341 2810 4406 Dux

436 4466 475 4505 a
512 4440 720 4506 Nobis
763 4440 1163 4525 efflagitavit,
1206 4452 1280 4506 ut
1321 4442 1754 4508 ecclesiastica
1796 4443 1864 4507 in
1904 4442 2147 4529 Magno
2188 4463 2303 4508 suo
2343 4442 2603 4509 Ducatu
2640 4461 2809 4526 nego·
