2959 4984
455 443 796 521 Februarii
816 488 836 522 ,
897 442 1068 509 inter
1107 442 1580 507 sanctissimum
1636 441 1705 507 in
1752 439 2013 507 Christo
2056 440 2319 507 Patrem
2374 463 2451 505 ac
2505 439 2873 507 Dominum
2942 389 2944 513 i

457 554 752 611 nostrum
776 592 794 624 ,
842 543 1198 608 Dominum
1239 542 1584 609 Nicolaum
1604 592 1625 625 ,
1670 541 1887 607 divina
1930 540 2349 606 Providentia
2390 539 2633 625 Papam
2676 542 2871 625 quin-
2942 536 2944 573 ³

377 718 381 723 .
457 654 633 727 tum,
676 642 1252 731 Apostolieamque
1297 640 1579 724 Sedena,
1631 665 1704 707 ac
1744 640 2093 707 Nationem
2136 640 2615 705 Alamanicam:
2660 637 2871 707 Sanc·

453 744 682 811 tissimi
724 741 994 807 Domini
1051 742 1255 807 nostri
1305 750 1370 806 et
1412 740 1609 807 Sedis
1652 740 2010 805 eorundem
2051 740 2459 824 NominibuS,
2504 764 2624 829 per
2648 742 2868 809 Reve-
2944 739 2946 819 1

459 845 916 911 rendissimum
954 845 1022 909 in
1061 844 1322 911 Christo
1365 844 1631 909 Patrem
1682 868 1757 909 ac
1799 844 2158 910 Dominum
2203 842 2517 908 Ioannem
2544 891 2561 923 ,
2625 839 2867 907 Sacro·
2944 860 2946 863 ⁴

456 953 711 1009 sanctae
757 945 1084 1010 Romanae
1121 944 1456 1011 Ecclesiae
1510 942 1922 1009 Cardinalem
1962 943 2283 1029 Legatum
2302 992 2321 1026 ,
2384 943 2467 1009 ad
2506 942 2863 1007 Nationem

459 1044 914 1112 Germanicam
957 1045 1040 1110 de
1083 1045 1290 1109 latere
1331 1043 1633 1126 missum,
1676 1045 1871 1132 plena
1908 1044 1979 1108 in
2020 1065 2097 1107 ea
2137 1052 2323 1131 parte
2364 1042 2743 1107 auctoritate
2788 1052 2859 1105 et

455 1153 775 1234 potestate
819 1144 1180 1227 munitum3
1224 1152 1309 1235 ‚et
1353 1166 1472 1231 pro
1532 1144 1676 1230 ipsa
1716 1144 1976 1209 natione
2022 1142 2401 1209 Alamanica
2442 1164 2561 1231 per
2602 1142 2857 1228 glorio-

453 1245 778 1311 sissimum
816 1244 1193 1331 Principem
1237 1266 1312 1308 ac
1353 1243 1712 1309 Dominum
1768 1253 2061 1309 nostrum
2082 1292 2102 1327 ,
2166 1242 2523 1307 Dominum
2564 1241 2861 1307 Frideri—

453 1369 600 1412 cum
623 1394 642 1426 ,
707 1346 1147 1412 Romanorum
1210 1346 1466 1431 Regem
1513 1366 1773 1433 semper
1818 1346 2195 1431 Augustum
2243 1354 2361 1409 etc.
2424 1342 2863 1431 plurimorum

465 1447 627 1513 sacri
667 1447 938 1513 Romani
978 1446 1246 1534 Imperii
1290 1445 1667 1511 Electorum
1687 1493 1707 1528 ‚
1768 1446 2169 1529 aliorumque
2212 1445 2502 1510 eiusdem
2543 1442 2867 1527 NationiS,
2948 1437 2950 1493 Ψ

451 1556 584 1613 tam
623 1546 1222 1613 Ecclesiastieorum
1241 1595 1261 1629 ,
1335 1568 1530 1631 quam
1576 1544 2023 1612 Saecularium
2086 1544 2463 1633 Principum
2528 1545 2863 1610 consensi-

453 1648 574 1712 bus
615 1646 1087 1728 accedentibus,
1131 1646 1450 1730 conclusa,
1494 1646 1753 1711 laudata
1796 1655 1863 1711 et
1907 1654 2236 1734 acceptata
2278 1654 2429 1710 sunt
2456 1642 2868 1711 Concordata

455 1747 835 1834 subscripta.
881 1742 1334 1811 Sanctissimus
1379 1746 1705 1813 Dominus
1762 1756 1984 1811 noster
2028 1745 2337 1812 Nicolaus
2378 1746 2557 1835 Papa
2600 1749 2866 1833 quintus
2951 1787 2952 1833 1

459 1868 656 1935 super
716 1846 1194 1933 provisionibus
1255 1846 1694 1913 Ecclesiarum
1751 1846 2361 1931 Beneficiorumque
2428 1870 2862 1932 quorumcun-
2950 1834 2952 1873 ³

459 1968 622 2031 que,
687 1955 904 2011 utetur
943 1947 1513 2013 Reservationibus
1556 1947 1726 2013 Iuris
1770 1947 1989 2034 scripti
2036 1957 2102 2012 et
2144 1948 2703 2016 constitutionibus
2750 1974 2863 2015 ex—

455 2046 748 2112 ecrabilis
795 2053 863 2110 et
903 2046 986 2110 ad
1039 2047 1362 2133 Regimen
1401 2047 1807 2130 modificatis,
1848 2058 1923 2112 ut
1964 2048 2289 2133 sequitur:

620 2145 734 2209 Ad
755 2145 1078 2231 Regimen
1095 2146 1424 2212 Ecclesiae
1465 2147 1794 2233 generalis
1838 2170 2204 2233 quanquam
2228 2147 2535 2214 immeriti
2575 2170 2863 2237 superna
2952 2134 2954 2201 i

454 2243 899 2333 Dispositione
938 2247 1148 2312 vocafi
1163 2295 1184 2330 ,
1241 2247 1530 2335 gerimus
1571 2247 1642 2312 in
1682 2246 1919 2312 nostris
1965 2244 2343 2329 desideriis,
2400 2256 2474 2311 ut
2514 2248 2861 2333 debemus,

455 2345 631 2429 quod
684 2368 805 2433 per
859 2355 1114 2411 nostrae
1160 2346 1537 2433 diligentiae
1584 2346 1871 2411 studium
1926 2345 2007 2412 ad
2054 2346 2485 2430 quarumlibet
2528 2345 2858 2415 Ecclesia-

451 2467 598 2511 rum
655 2454 721 2509 et
758 2445 1300 2512 Monasteriorum
1342 2445 1690 2533 Regimina
1754 2455 1821 2511 et
1856 2446 1979 2511 alia
2023 2445 2355 2512 Beneficia
2397 2445 2855 2515 Ecclesiastica
2955 2485 2956 2517 1

450 2544 630 2610 iuxta
676 2545 963 2611 divinum
1001 2547 1496 2635 Beneplacitum
1540 2556 1605 2612 et
1642 2556 1899 2612 nostrae
1942 2547 2317 2612 intentionis
2358 2546 2684 2630 affectum,
2729 2548 2852 2612 viri

450 2654 855 2709 assumantur
895 2645 1148 2727 idonei,
1195 2647 1304 2731 qui
1345 2647 1637 2734 praesint
1674 2656 1741 2712 et
1778 2648 2031 2734 prosint
2072 2645 2545 2713 committendis
2594 2647 2691 2711 eis
2734 2646 2854 2712 Ec-

453 2743 664 2807 clesiis
685 2791 705 2823 ,
751 2741 1162 2809 Monasteriis
1199 2755 1264 2810 et
1303 2746 1653 2811 Beneficiis
1696 2746 2084 2834 praelibatis.
2177 2745 2689 2811 Praemissorum
2739 2747 2858 2811 ita-

453 2862 580 2926 que
621 2841 1129 2909 consideratione
1170 2844 1414 2910 inducti
1460 2856 1526 2910 et
1566 2846 1983 2911 suadentibus
2038 2845 2222 2911 nobis
2268 2845 2411 2911 aliis
2452 2844 2851 2911 rationabili-

450 2944 570 3007 bus
615 2942 819 3007 causis
846 2992 867 3025 ,
932 2945 1392 3010 nonnullorum
1449 2945 2033 3011 Praedeeessorum
2095 2946 2536 3011 Romanorum
2578 2944 2851 3010 Pontifi-

452 3064 598 3106 cum
641 3042 936 3129 vestigiis
979 3043 1407 3127 inhaerenteS,
1458 3067 1682 3111 omnes
1724 3046 2211 3128 Patriarchales,
2257 3044 2850 3132 Archi-Episcopa·
2882 3044 2906 3067 ’

447 3142 546 3207 les
558 3190 579 3224 ,
621 3140 1077 3232 EpiscopaleS,
1123 3142 1447 3209 Ecclesias
1466 3194 1486 3227 ,
1530 3145 1923 3211 Monasteria
1943 3194 1962 3227 ,
2006 3144 2337 3209 Prioratus
2366 3193 2385 3226 ,
2449 3143 2853 3229 DignitateS,

449 3240 840 3308 Personatus
889 3250 955 3307 et
1005 3242 1242 3310 Officia
1267 3293 1286 3326 ,
1349 3266 1471 3309 nec
1525 3266 1659 3311 non
1708 3243 2137 3310 Canonicatus
2202 3252 2267 3307 et
2314 3243 2733 3309 Praebendas
2786 3253 2852 3306 et

449 3338 793 3423 Ecclesias,
841 3351 1220 3427 caeteraque
1259 3344 1593 3409 Beneficia
1632 3344 2102 3427 Ecclesiastica,
2152 3367 2297 3408 cum
2344 3343 2515 3410 Oura
2556 3345 2668 3409 vel
2710 3344 2852 3407 sine

455 3436 628 3504 Cura
647 3487 668 3521 ,
725 3435 1078 3506 saecularia
1135 3452 1202 3506 et
1261 3444 1589 3528 regularia
1627 3464 2049 3529 quaecunque
2094 3454 2160 3509 et
2196 3444 2664 3529 qualiacunque
2708 3444 2847 3508 fue·

449 3538 582 3605 rint
609 3589 630 3622 ,
699 3540 948 3605 etiamsi
1007 3540 1090 3605 ad
1151 3541 1264 3605 illa
1307 3564 1627 3631 personae
1674 3545 2128 3609 consueverint
2185 3566 2301 3609 seu
2346 3544 2693 3610 debuerint
2732 3565 2856 3633 per

448 3638 874 3722 Electionem,
917 3664 1033 3707 seu
1076 3643 1368 3725 quemvis
1408 3642 1606 3708 alium
1649 3644 1915 3710 modum
1960 3645 2229 3727 assumi;
2292 3668 2467 3711 nunc
2503 3644 2680 3734 apud
2727 3643 2850 3710 Se·

451 3738 599 3804 dem
644 3740 1128 3827 Apostolicam,
1195 3764 1581 3828 quocunque
1640 3746 1833 3810 modo
1878 3746 2201 3827 vacantia,
2276 3754 2341 3809 et
2398 3745 2467 3811 in
2510 3755 2849 3833 posterum

447 3847 774 3923 vacatura,
818 3862 942 3904 nec
981 3863 1113 3905 non
1153 3864 1273 3929 per
1315 3843 1807 3931 depositionem,
1854 3867 1971 3909 seu
2006 3845 2453 3933 privationem,
2500 3866 2618 3908 seu
2644 3852 2851 3908 trans·

448 3938 798 4023 lationem,
867 3962 987 4027 per
1027 3963 1147 4005 nos
1189 3964 1306 4007 seu
1346 3944 1725 4009 auctoritate
1770 3954 1989 4009 nostra
2027 3945 2224 4010 factas
2242 3994 2262 4027 ,
2308 3954 2373 4010 et
2411 3945 2479 4009 in
2522 3952 2710 4009 antea
2756 3942 2848 4008 fa-

454 4037 714 4103 ciendas
758 4040 1081 4124 ubilibet;
1129 4064 1251 4106 nec
1307 4066 1440 4108 non
1486 4044 1567 4107 ad
1616 4066 1777 4128 quae
1824 4045 2019 4129 aliqui
2061 4045 2129 4109 in
2174 4045 2517 4110 concordia
2560 4066 2677 4109 seu
2722 4041 2851 4108 dis-

455 4138 674 4203 cordia
715 4140 932 4223 electi,
977 4142 1088 4206 vel
1121 4143 1426 4229 postulati
1470 4142 1714 4209 fuerint
1734 4193 1754 4228 ,
1830 4167 2101 4229 quorum
2143 4144 2395 4209 Electio
2440 4154 2685 4211 cassata
2726 4166 2845 4209 seu

447 4238 794 4326 postulatio
835 4242 1116 4330 repulsa,
1157 4243 1266 4307 vel
1305 4265 1425 4331 per
1471 4266 1581 4309 eos
1624 4244 1791 4309 facta
1829 4245 2217 4310 renuntiatio
2264 4253 2331 4309 et
2370 4244 2653 4310 admissa
2704 4245 2843 4311 Au-

449 4337 741 4403 ctoritate
784 4350 1003 4406 nostra
1049 4342 1380 4423 extiterit3
1454 4364 1573 4407 seu
1616 4364 1889 4427 quorum
1936 4346 2291 4409 electorum
2330 4345 2439 4409 vel
2485 4345 2842 4431 postulato-

449 4458 597 4501 rum
619 4486 640 4519 ,
709 4449 774 4503 et
811 4440 882 4505 in
937 4451 1124 4507 antea
1190 4441 1646 4527 eligendorum
1700 4443 1810 4507 vel
1853 4444 2395 4531 postulandorum
2430 4437 2848 4510 Electionem

457 276 565 333 110
1159 276 1302 329 xlx.
1377 274 1865 329 CONCORDATA
1905 276 1969 327 A,
2010 272 2165 327 1448.
