2959 4984
461 288 533 344 ⁷8
887 292 950 342 X.
1023 288 1384 367 FQDERIOI
1419 290 1486 341 11.
1528 286 2135 341 CONFOEDERATIO
2172 290 2237 340 Δ.
2276 284 2433 340 1220.

452 454 614 519 haec
657 452 871 517 omnia
908 451 1094 518 vobis
1121 458 1476 517 memorato
1520 452 1915 517 sanctissimo
1959 451 2127 540 patri
2166 461 2387 519 nostro
2434 452 2703 519 domino
2744 454 2858 519 In-

459 552 762 619 nocentio
777 602 796 637 ,
842 562 1278 617 sacrosanctae
1324 552 1655 619 Romanae
1698 551 2053 617 aecclesiae
2100 575 2349 617 summo
2393 554 2710 641 pontifici,
2752 575 2864 618 ve-

458 654 737 739 strisque
779 653 1258 717 successoribus
1297 674 1418 740 per
1451 676 1570 719 nos
1602 662 1669 717 et
1698 662 1955 717 nostros
1985 674 2391 718 successores
2418 654 2865 719 Romanorum

457 776 656 840 reges
703 764 770 817 et
813 754 1236 840 imperatores
1282 753 1748 835 observentur,
1797 754 2113 839 firmaque
2162 762 2229 818 et
2268 754 2651 819 inconvulsa
2694 774 2865 817 sem-

455 876 575 942 per
618 861 1056 942 permaneant,
1101 874 1376 940 presens
1420 852 1841 939 privilegium
1888 854 2322 941 conscriptum
2366 853 2717 917 maiestatis
2746 875 2865 917 no-

458 963 626 1019 strae
682 974 876 1019 aurea
933 954 1111 1018 bulla
1173 953 1478 1019 iussimus
1524 954 1925 1019 communiri.
2016 954 2245 1019 Testes
2293 963 2509 1020 autem
2553 954 2646 1019 hii
2690 962 2863 1019 sunt.

459 1051 832 1141 Sigefridus
881 1053 1303 1140 Moguntinae
1363 1054 1535 1119 sedis
1594 1054 2069 1142 arciepiscopus
2113 1055 2505 1142 apostolicae
2546 1054 2721 1119 sedis
2770 1055 2863 1118 le-

458 1165 667 1242 gatus·
711 1153 1132 1219 Eberhardus
1169 1152 1671 1241 Salzburgensis
1712 1154 2212 1243 arciepiscopuS,
2255 1156 2583 1222 Berardus
2614 1156 2863 1221 Baren-

459 1256 548 1321 sis
609 1254 1090 1343 arciepiscopus
1101 1303 1123 1337 ‚
1193 1253 1625 1321 Chuonradus
1682 1254 2174 1342 Ratisponensis
2242 1256 2585 1345 episcopus
2601 1307 2620 1340 ,
2698 1256 2859 1324 Otto

457 1355 1060 1440 VVirzinburgensis
1110 1354 1450 1442 episcopus
1468 1404 1489 1437 ‚
1538 1354 1973 1441 Manegoldus
2019 1355 2445 1421 Pattaviensis
2494 1358 2860 1445 episcopua,

453 1454 913 1542 Engelhardus
953 1456 1242 1521 Zizensis
1286 1455 1648 1542 episcopuS,
1696 1454 2017 1522 Odacrius
2052 1456 2451 1521 Boemorum
2490 1476 2633 1539 rex,
2680 1458 2855 1523 Lod-

458 1557 658 1623 wicus
703 1555 842 1620 dux
883 1555 1215 1621 Bawariae
1229 1605 1249 1637 ,
1295 1556 1657 1643 Liupoldus
1704 1556 1841 1621 dux
1886 1556 2192 1621 Austriae
2237 1565 2303 1621 et
2344 1556 2643 1644 Styriae‚
2688 1558 2856 1623 Her·

454 1680 724 1723 mannus
771 1654 1166 1740 lantgravius
1227 1655 1629 1742 Thuringiae
1642 1706 1661 1739 ,
1708 1676 1925 1721 comes
1973 1656 2288 1723 Albertus
2343 1657 2425 1721 de
2488 1656 2854 1739 Eberstein,

459 1778 673 1825 comes
699 1755 983 1821 Adolfus
1011 1754 1093 1819 de
1123 1753 1547 1839 Sowenburc,
1594 1778 1809 1822 comes
1837 1758 2255 1823 Burchardus
2294 1758 2376 1822 de
2403 1757 2852 1841 Mannesveld‚

457 1878 674 1921 comes
719 1855 1097 1922 Gerhardus
1156 1854 1237 1920 de
1281 1856 1470 1920 Diets
1488 1906 1509 1939 ,
1570 1878 1785 1921 comes
1829 1856 2178 1923 Ludwicus
2220 1858 2302 1923 de
2343 1856 2849 1941 Wirtemberch,

459 1956 892 2024 Gebehardus
933 1956 1305 2021 burcravius
1355 1956 1993 2044 Meigdeburgensis‚
2036 1958 2376 2024 Hainricus
2419 1958 2503 2023 de
2547 1958 2848 2027 Sta-hhel-

458 2057 696 2139 burch,
751 2056 1124 2123 Waltherus
1170 2058 1254 2123 de
1297 2057 1777 2145 Langenberch
1792 2109 1813 2141 ,
1862 2060 2205 2125 Heinricus
2257 2059 2339 2124 de
2394 2058 2855 2141 Chalandrin0‚

457 2158 883 2223 marescalcus
945 2158 1236 2246 imperii,
1306 2157 1688 2225 Waltherus
1756 2160 1837 2225 de
1897 2158 2105 2248 Sypf,
2192 2161 2499 2248 pincerna
2563 2160 2855 2248 imperii,

457 2256 872 2325 Gwaltherus
919 2259 1221 2342 Gentius,
1275 2262 1747 2327 comestabulus
1794 2262 1985 2347 regni
2029 2260 2323 2346 Sycilie3
2389 2270 2453 2325 et
2512 2260 2622 2325 alii
2668 2283 2857 2345 quam

456 2360 697 2448 plures·

619 2458 900 2547 Signum
957 2462 1202 2527 domini
1241 2462 1579 2528 Frederici
1636 2459 1902 2525 secundi
1950 2462 2389 2528 Romanorum
2444 2460 2625 2547 regis
2696 2460 2854 2524 invi-

453 2560 862 2647 ctissimi.(L.
905 2561 1024 2647 M.)
1069 2573 1134 2626 et
1171 2564 1356 2649 regis
1400 2562 1709 2650 Syciliae.

617 2660 763 2747 Ego
811 2660 1240 2726 Ohuonradus
1282 2662 1415 2727 Dei
1484 2671 1550 2728 et
1602 2662 1992 2750 apostolicae
2040 2661 2215 2726 sedis
2276 2658 2483 2747 gratia
2542 2657 2859 2723 Metensis

455 2760 817 2848 episcopua,
851 2761 994 2825 vice
1038 2760 1284 2827 domini
1325 2760 1665 2849 sigefridi,
1702 2761 2072 2848 Moguntini
2119 2759 2541 2848 arciepiscopi
2590 2768 2657 2823 et
2700 2780 2854 2846 apo-

455 2857 716 2924 stolicae
771 2859 948 2925 sedis
1005 2862 1240 2948 legati,
1303 2885 1378 2927 ac
1433 2863 1628 2928 totius
1686 2862 2079 2931 Germaniae
2134 2859 2633 2926 arcicancellarii
2662 2909 2681 2941 ,
2754 2881 2855 2923 re·

461 2960 758 3044 cognovi.

623 3060 792 3126 Acta
835 3072 982 3127 sunt
1029 3064 1190 3128 haec
1245 3086 1412 3129 anno
1458 3064 1705 3129 domini
1748 3064 1951 3130 nostri
1992 3064 2146 3129 Iesu
2196 3059 2438 3129 Christi
2488 3058 2653 3123 1213
2670 3107 2691 3140 ‚
2762 3059 2855 3123 in-

457 3158 738 3225 dictione
789 3163 1010 3251 prima,
1053 3173 1369 3251 regnante
1415 3164 1675 3229 domino
1715 3164 2065 3229 Frederico
2108 3163 2392 3229 secundo
2414 3160 2857 3225 Romanorum

455 3279 618 3345 rege
659 3261 947 3346 glorioso
1007 3274 1072 3329 et
1115 3286 1277 3351 reg-e
1321 3262 1590 3345 Sicilie,
1660 3288 1825 3329 anno
1884 3265 2073 3350 regni
2128 3264 2264 3328 eius
2306 3258 2580 3327 Romani
2623 3259 2856 3346 primo,

455 3355 715 3425 Siciliae
757 3386 912 3429 vero
962 3368 1061 3431 16.

617 3460 860 3527 Datum
903 3466 1076 3552 apud
1125 3466 1370 3553 Egram
1426 3490 1547 3556 per
1591 3492 1812 3533 manus
1856 3466 2151 3533 Bertoldi
2198 3464 2279 3529 de
2318 3463 2562 3546 Niffen,
2606 3463 2851 3548 regalis

449 3560 634 3626 aulae
677 3565 1164 3651 prothonotarii,
1217 3576 1444 3653 quarto
1488 3568 1647 3633 Idus
1691 3569 1863 3633 Iulii.

515 3778 600 3843 X.
688 3778 1116 3849 Friclerici
1161 3784 1250 3850 H.
1299 3786 1963 3853 confoederatio
2011 3808 2190 3851 cum
2236 3782 2796 3872 principibus

715 3894 732 3906 ⁴
1123 3887 1755 3952 ecclesiasticis
1802 3911 1856 3951 a.
1906 3886 2182 3969 1220*).

619 4029 700 4094 In
743 4030 1002 4097 nomine
1048 4044 1264 4100 sancte
1309 4045 1375 4099 et
1413 4034 1749 4100 individue
1792 4034 2141 4101 Trinitatis.
2205 4032 2578 4099 Fridericus
2623 4056 2847 4099 secun·

456 4127 578 4191 dus
620 4128 751 4194 Dei
795 4132 1004 4217 gratia
1043 4132 1479 4200 Romanorum
1522 4157 1645 4199 rex
1686 4156 1945 4224 semper
1982 4141 2292 4219 augustus
2334 4140 2399 4195 et
2440 4154 2565 4199 rex
2607 4130 2851 4216 Sicilie,

650 4376 702 4445 *)
739 4375 829 4429 Ex
864 4376 1108 4431 editione
1143 4376 1292 4446 apud
1325 4376 1491 4433 Pertz
1526 4376 1738 4445 Legum
1775 4376 1837 4429 T.
1874 4376 1943 4428 11.
1981 4394 2034 4444 p.
2076 4376 2197 4430 236.
2240 4372 2381 4429 Vide
2416 4372 2715 4432 Lehrbuch
2747 4376 2849 4429 des

453 4462 886 4519 Kirchenrechts
920 4468 966 4528 ἓ.
1007 4464 1130 4520 108.
