2959 4984
483 293 701 344 Lxxx.
772 289 1247 344 FAOULTATES
1288 291 1433 342 Pno
1468 291 1662 344 Folio
1705 289 2247 344 conse-manu).
2474 293 2580 348 507

176 461 434 525 cutioni
490 459 868 525 demandari
920 459 1139 524 facere
1196 467 1424 524 contra
1468 460 1756 526 intrusos
1782 510 1801 542 ,
1879 467 1946 523 et
1985 459 2416 526 intrudendos
2459 483 2580 551 per

158 559 395 625 literas
432 559 818 649 apostolicas
865 559 1151 646 desuper
1192 557 1652 642 conficiendas,
1699 567 1766 622 et
1805 579 1938 624 non
1979 559 2156 625 alias.

336 661 508 725 Item
530 711 549 744 ‚
606 659 783 746 quod
829 660 1037 748 possit
1078 658 1341 744 signare
1397 658 1902 747 supplicationes
1959 661 2254 728 manibus
2299 661 2576 728 duorum

160 761 773 827 referendariorum
818 761 1107 846 signatas
1124 811 1143 843 ,
1212 759 1295 824 de
1336 759 1676 825 beneficiis
1723 761 2184 828 ecclesiasticis
2225 763 2573 828 saeculari-

158 862 311 944 bus,
360 869 424 925 et
468 861 877 948 regularibus
950 860 1359 948 dispositioni
1420 860 1818 949 apostolicae
1860 862 2258 948 generaliter
2300 885 2432 930 non
2473 887 2574 931 re-

160 961 467 1046 servatis,
502 983 776 1050 quorum
821 961 1167 1048 cujuslibet
1210 963 1397 1026 valor
1434 969 1698 1026 centum
1728 963 2125 1028 florenorum
2163 965 2303 1030 auri
2343 965 2426 1030 de
2453 963 2572 1032 Ga-

160 1081 372 1144 mera,
410 1061 521 1124 vel
562 1060 839 1126 totidem
886 1061 1200 1126 librarum
1240 1061 1574 1128 Turonen.
1613 1083 1983 1150 parvorum,
2027 1085 2140 1128 seu
2179 1064 2456 1130 totidem
2503 1067 2574 1130 in

158 1162 299 1226 alia
340 1171 605 1226 moneta
662 1160 1019 1227 secundum
1060 1183 1473 1227 communem
1535 1163 2048 1228 aestimationem
2115 1165 2408 1230 valorem
2467 1187 2574 1231 an-

158 1282 373 1326 nuum
416 1281 549 1326 non
590 1261 887 1326 excedet.

336 1361 531 1447 Item,
580 1363 752 1448 quod
797 1364 1002 1450 possit
1044 1363 1305 1448 signare
1348 1365 1878 1454 supplicationes,
1923 1365 2117 1430 etiam
2157 1365 2433 1430 duorum
2473 1383 2574 1428 re-

156 1461 691 1532 ferendariorum
730 1463 1023 1530 manibus
1070 1465 1381 1550 signatas,
1426 1465 1509 1530 de
1549 1465 1736 1530 novis
1781 1465 2278 1554 provisionibus,
2321 1463 2374 1529 si
2415 1485 2573 1528 neu-

154 1562 249 1628 tri
270 1614 289 1646 ,
338 1573 403 1627 et
448 1563 1013 1650 subrogationibus
1053 1585 1173 1651 pro
1219 1564 1730 1648 collitigantibus
1759 1614 1780 1648 ,
1817 1565 1888 1628 in
1932 1565 2164 1650 quibus
2203 1585 2336 1629 non
2376 1562 2572 1629 detur

163 1663 465 1728 clausula
501 1663 880 1748 generalem
925 1663 1437 1728 reservationem
1482 1663 1862 1750 importans.

336 1761 508 1828 Item
531 1814 550 1846 ,
608 1763 783 1850 quod
829 1763 1033 1852 possit
1075 1763 1158 1828 ad
1204 1761 1467 1828 ordines
1529 1762 1982 1853 suscipiendos
2039 1766 2300 1830 arctatis
2344 1789 2569 1855 proro-

154 1883 330 1948 gare
372 1861 686 1927 terminos
714 1913 733 1945 ,
783 1860 864 1927 de
910 1861 1102 1927 dictis
1150 1861 1580 1950 suscipiendis
1632 1863 2001 1947 ordinibuS,
2049 1885 2256 1950 usque
2303 1864 2385 1930 ad
2429 1887 2578 1952 pro-

157 1962 347 2028 xima
378 1970 535 2026 tuno
570 1984 609 2026 a
643 1963 793 2046 jure
838 1971 1075 2027 statuta
1114 1971 1451 2050 tempora,
1507 1962 1578 2026 in
1621 1961 1852 2048 quibus
1913 1963 2006 2029 sic
2049 1964 2277 2030 arctati
2313 1985 2567 2032 succes-

162 2064 311 2129 sive
354 2061 439 2126 ad
483 2061 659 2151 ipsos
706 2062 967 2128 ordines
1009 2071 1534 2150 promoveantur.

621 2279 626 2288 ⁴
662 2189 913 2276 Placet,
956 2195 1395 2282 publicentur,
1444 2211 1507 2260 et
1552 2196 2005 2263 describantur
2048 2197 2124 2262 L.

339 2311 397 2392 ἓ.
441 2313 540 2377 73.
626 2311 864 2380 Lectae
884 2363 903 2398 ,
962 2323 1031 2378 et
1087 2313 1453 2402 publicatae
1509 2313 1774 2380 fuerunt
1825 2313 2237 2403 supradictas
2279 2316 2572 2404 regulae,

158 2411 611 2479 ordinationes
636 2461 659 2498 ,
706 2422 769 2478 et
812 2413 1304 2480 constitutiones
1343 2415 1417 2480 in
1466 2412 1878 2484 cancellaria
1921 2414 2274 2504 apostolica
2311 2417 2392 2482 ab
2439 2439 2570 2482 uno

161 2535 254 2581 ex
315 2511 451 2580 BR.
518 2511 649 2578 ΡΡ.
703 2512 859 2580 DD.
914 2513 1177 2600 Majoris
1232 2514 1724 2602 praesidentiae
1777 2515 2335 2583 abbreviatoribus
2401 2536 2570 2582 anno

151 2611 635 2681 Incarnationis
683 2611 1071 2681 Dominicae
1134 2613 1481 2680 millesimo
1527 2613 2110 2703 septingentesimo
2153 2615 2566 2702 sexagesimo

152 2733 361 2796 nono,
402 2710 510 2777 die
553 2734 711 2778 vero
754 2711 875 2780 IX.
919 2712 1158 2781 mensis
1200 2713 1248 2782 J
1249 2715 1385 2780 unii
1427 2713 1852 2782 Pontificatus
1891 2711 2232 2802 praelibati
2275 2713 2560 2782 Sanctis-

156 2811 317 2878 simi
356 2812 627 2880 Domini
668 2812 899 2884 Nostri
948 2811 1309 2880 Clementis
1352 2814 1539 2880 XIV.
1583 2814 1782 2880 Anno
1823 2813 2066 2880 Primo.

1190 2931 1467 2998 Thomas
1509 2930 1948 3018 Antofflsettm
1997 2929 2376 2998 Promotus.

298 3078 579 3146 LXXX.
665 3077 1137 3171 Specimen
1182 3080 1607 3148 formulae
1654 3081 2176 3148 facultatum
2219 3081 2445 3168 quin-

547 3183 1091 3267 quennalium
1139 3205 1295 3270 pro
1344 3182 1527 3248 foro
1574 3181 2191 3248 conscientiae.

246 3330 337 3398 N.
381 3330 467 3398 N.
512 3330 639 3415 (Pl.
687 3332 843 3417 Tit.)
888 3330 1015 3400 SS.
1061 3333 1148 3398 D.
1190 3332 1407 3420 Papae
1450 3340 1525 3396 et
1563 3329 1760 3397 Sedis
1805 3330 2229 3420 Apostolicae
2275 3331 2489 3417 Major

1094 3431 1665 3499 Poenitentiarius.

332 3547 550 3613 Vobis
589 3547 758 3614 Ven.
802 3547 873 3614 in
914 3547 1181 3615 Christo
1224 3549 1407 3614 Patri
1449 3549 1535 3614 N.
1575 3549 1663 3614 N.
1707 3548 2028 3614 Moderno
2069 3547 2404 3636 Episcopo
2447 3547 2572 3614 Ec·

164 3647 411 3713 clesiae
432 3645 517 3712 N.
546 3645 989 3736 infr-ascriptas
1016 3649 1570 3716 communicamus
1593 3650 1957 3732 facultates,
1989 3648 2222 3733 quibus
2249 3667 2370 3736 pro
2396 3645 2570 3713 Foro

168 3748 627 3815 Conscientiae
668 3771 788 3837 per
829 3749 991 3834 Vos,
1029 3749 1169 3814 sive
1210 3770 1330 3838 per
1364 3749 1678 3816 Vesta-um
1709 3749 2049 3816 vicarium
2086 3748 2158 3813 in
2203 3744 2570 3835 Spirituali·

165 3851 289 3914 bus
336 3846 766 3932 Generalem,
832 3848 1189 3916 dummodo
1252 3851 1321 3914 in
1366 3847 1575 3916 Sacro
1622 3851 2124 3938 Presbyteratus
2173 3846 2426 3916 Ordine
2487 3847 2574 3913 sit

169 3949 581 4032 constitutus,
620 3950 819 4014 etiam
864 3959 1051 4015 extra
1078 3947 1638 4019 sacramentalem
1667 3949 2161 4017 confessionem
2189 3969 2312 4037 pro
2341 3947 2568 4038 Grege

170 4047 381 4114 Vobis
424 4049 789 4132 commisso,
836 4057 903 4114 et
934 4050 1105 4114 infra
1145 4051 1311 4115 fines
1356 4051 1636 4116 Vestrae
1678 4050 2022 4117 Dioecesis
2063 4059 2334 4135 tantum,
2376 4059 2570 4136 atque

173 4149 265 4214 do
294 4150 605 4240 speciali,
652 4150 721 4214 in
760 4171 1155 4236 unoquoque
1200 4173 1355 4216 casu
1398 4151 1856 4238 exprimenda,
1903 4147 2100 4218 Sedis
2147 4149 2572 4238 Apostolicae

173 4251 553 4316 auctoritate
594 4249 803 4315 Vobis
838 4250 1176 4337 delegata,
1222 4252 1320 4316 uti
1368 4251 1678 4316 valeatist
1743 4271 1982 4336 easque
2029 4249 2370 4317 Canonico
2405 4249 2570 4316 Poe-

172 4351 568 4435 nitenu'ario,
609 4371 731 4415 nec
774 4371 907 4416 non
925 4350 1203 4416 Vioariis
1230 4349 1544 4416 Fora-nois
1586 4374 1706 4440 pro
1738 4349 1908 4416 Foro
1943 4350 2188 4440 pariter
2215 4349 2572 4420 Conscien-

172 4451 337 4535 tiae,
392 4449 515 4517 sed
563 4451 637 4515 in
690 4459 839 4517 actu
880 4449 1387 4518 sacramentalis
1429 4449 1880 4519 Oonzfsssionis
1935 4451 2308 4536 dumtaxat,
2371 4450 2570 4518 etiam
