<?xml version="1.0" encoding="UTF-8"?>
<!DOCTYPE html PUBLIC "-//W3C//DTD XHTML 1.0 Transitional//EN"
    "http://www.w3.org/TR/xhtml1/DTD/xhtml1-transitional.dtd">
<html xmlns="http://www.w3.org/1999/xhtml" xml:lang="en" lang="en">
 <head>
  <title>
</title>
<meta http-equiv="Content-Type" content="text/html;charset=utf-8" />
  <meta name='ocr-system' content='tesseract 3.04.00' />
  <meta name='ocr-capabilities' content='ocr_page ocr_carea ocr_par ocr_line ocrx_word'/>
</head>
<body>
  <div class='ocr_page' id='page_1' title='image "./fontesiuriseccl00waltgoog_0617.png"; bbox 0 0 2959 4984; ppageno 0'>
   <div class='ocr_carea' id='block_1_1' title="bbox 639 253 2594 347">
    <p class='ocr_par' dir='ltr' id='par_1_1' title="bbox 639 253 2594 347">
     <span class='ocr_line' id='line_1_1' title="bbox 639 253 2594 347; baseline 0 -2"><span class='ocrx_word' id='word_1_1' title='bbox 639 292 825 346; x_wconf 79' lang='lat' dir='ltr'>XCIV.</span> <span class='ocrx_word' id='word_1_2' title='bbox 906 293 1251 347; x_wconf 75' lang='lat' dir='ltr'>GREGORII</span> <span class='ocrx_word' id='word_1_3' title='bbox 1285 295 1427 345; x_wconf 81' lang='lat' dir='ltr'>XVI.</span> <span class='ocrx_word' id='word_1_4' title='bbox 1464 293 1778 344; x_wconf 72' lang='lat' dir='ltr'>LITERAE</span> <span class='ocrx_word' id='word_1_5' title='bbox 1816 294 1878 343; x_wconf 81' lang='lat' dir='ltr'><strong>A.</strong></span> <span class='ocrx_word' id='word_1_6' title='bbox 1919 289 2073 345; x_wconf 77' lang='grc'><strong>1846.</strong></span> <span class='ocrx_word' id='word_1_7' title='bbox 2457 253 2594 346; x_wconf 34' lang='grc'><strong>597,</strong></span> 
     </span>
    </p>
   </div>
   <div class='ocr_carea' id='block_1_2' title="bbox 167 445 2573 2643">
    <p class='ocr_par' dir='ltr' id='par_1_2' title="bbox 167 445 2573 2643">
     <span class='ocr_line' id='line_1_2' title="bbox 174 445 2568 541; baseline -0.003 -13"><span class='ocrx_word' id='word_1_8' title='bbox 174 445 633 530; x_wconf 78' lang='lat' dir='ltr'><strong>abstinendum</strong></span> <span class='ocrx_word' id='word_1_9' title='bbox 694 458 819 525; x_wconf 90' lang='lat' dir='ltr'><strong>erit</strong></span> <span class='ocrx_word' id='word_1_10' title='bbox 860 457 943 522; x_wconf 86' lang='lat' dir='ltr'><strong>ab</strong></span> <span class='ocrx_word' id='word_1_11' title='bbox 990 454 1431 521; x_wconf 82' lang='lat' dir='ltr'><strong>ecclesiastico</strong></span> <span class='ocrx_word' id='word_1_12' title='bbox 1474 454 1705 540; x_wconf 72' lang='lat' dir='ltr'><strong>quovis</strong></span> <span class='ocrx_word' id='word_1_13' title='bbox 1745 453 1874 520; x_wconf 86' lang='lat' dir='ltr'><strong>ritu</strong></span> <span class='ocrx_word' id='word_1_14' title='bbox 1918 451 2162 541; x_wconf 77' lang='lat' dir='ltr'><strong>nuptiis</strong></span> <span class='ocrx_word' id='word_1_15' title='bbox 2207 451 2288 519; x_wconf 88' lang='lat' dir='ltr'><strong>iis</strong></span> <span class='ocrx_word' id='word_1_16' title='bbox 2331 452 2568 520; x_wconf 85' lang='lat' dir='ltr'><strong>admis-</strong></span> 
     </span>
     <span class='ocr_line' id='line_1_3' title="bbox 176 553 2570 646; baseline -0.003 -20"><span class='ocrx_word' id='word_1_17' title='bbox 176 561 387 628; x_wconf 89' lang='lat' dir='ltr'><strong>cendo</strong></span> <span class='ocrx_word' id='word_1_18' title='bbox 405 613 427 646; x_wconf 90' lang='lat'><strong>,</strong></span> <span class='ocrx_word' id='word_1_19' title='bbox 483 561 601 625; x_wconf 86' lang='lat' dir='ltr'><strong>sed</strong></span> <span class='ocrx_word' id='word_1_20' title='bbox 648 559 837 624; x_wconf 86' lang='lat' dir='ltr'><strong>etiam</strong></span> <span class='ocrx_word' id='word_1_21' title='bbox 881 581 921 622; x_wconf 87' lang='lat' dir='ltr'><strong>a</strong></span> <span class='ocrx_word' id='word_1_22' title='bbox 963 577 1351 642; x_wconf 87' lang='lat' dir='ltr'><strong>quocunque</strong></span> <span class='ocrx_word' id='word_1_23' title='bbox 1388 556 1516 621; x_wconf 88' lang='lat' dir='ltr'><strong>alio</strong></span> <span class='ocrx_word' id='word_1_24' title='bbox 1559 564 1710 620; x_wconf 90' lang='lat' dir='ltr'><strong>actu</strong></span> <span class='ocrx_word' id='word_1_25' title='bbox 1729 606 1748 638; x_wconf 95' lang='lat'><strong>,</strong></span> <span class='ocrx_word' id='word_1_26' title='bbox 1817 575 1946 640; x_wconf 88' lang='lat' dir='ltr'><strong>quo</strong></span> <span class='ocrx_word' id='word_1_27' title='bbox 1989 553 2294 620; x_wconf 79' lang='lat' dir='ltr'><strong>sacerdos</strong></span> <span class='ocrx_word' id='word_1_28' title='bbox 2337 577 2570 643; x_wconf 85' lang='lat' dir='ltr'><strong>appro-</strong></span> 
     </span>
     <span class='ocr_line' id='line_1_4' title="bbox 168 652 2570 744; baseline -0.002 -18"><span class='ocrx_word' id='word_1_29' title='bbox 168 661 329 726; x_wconf 85' lang='lat' dir='ltr'><strong>bare</strong></span> <span class='ocrx_word' id='word_1_30' title='bbox 386 660 535 726; x_wconf 87' lang='lat' dir='ltr'><strong>illas</strong></span> <span class='ocrx_word' id='word_1_31' title='bbox 588 657 887 724; x_wconf 77' lang='lat' dir='ltr'><strong>videatur</strong></span> <span class='ocrx_word' id='word_1_32' title='bbox 911 707 933 741; x_wconf 91' lang='lat'><strong>,</strong></span> <span class='ocrx_word' id='word_1_33' title='bbox 1010 655 1559 741; x_wconf 86' lang='lat' dir='ltr'><strong>quemadmodum</strong></span> <span class='ocrx_word' id='word_1_34' title='bbox 1619 655 1688 720; x_wconf 91' lang='lat' dir='ltr'><strong>in</strong></span> <span class='ocrx_word' id='word_1_35' title='bbox 1746 654 2130 744; x_wconf 89' lang='lat' dir='ltr'><strong>supradictis</strong></span> <span class='ocrx_word' id='word_1_36' title='bbox 2187 652 2570 721; x_wconf 86' lang='lat' dir='ltr'><strong>Sanctitatis</strong></span> 
     </span>
     <span class='ocr_line' id='line_1_5' title="bbox 172 747 2569 846; baseline -0.002 -21"><span class='ocrx_word' id='word_1_37' title='bbox 172 759 348 827; x_wconf 88' lang='lat' dir='ltr'><strong>Suae</strong></span> <span class='ocrx_word' id='word_1_38' title='bbox 390 759 597 824; x_wconf 86' lang='lat' dir='ltr'><strong>literis</strong></span> <span class='ocrx_word' id='word_1_39' title='bbox 640 757 1111 846; x_wconf 85' lang='lat' dir='ltr'><strong>praescriptum</strong></span> <span class='ocrx_word' id='word_1_40' title='bbox 1156 763 1273 821; x_wconf 89' lang='lat' dir='ltr'><strong>est.</strong></span> <span class='ocrx_word' id='word_1_41' title='bbox 1336 755 1498 820; x_wconf 91' lang='lat' dir='ltr'><strong>Post</strong></span> <span class='ocrx_word' id='word_1_42' title='bbox 1536 756 1701 820; x_wconf 87' lang='lat' dir='ltr'><strong>haec</strong></span> <span class='ocrx_word' id='word_1_43' title='bbox 1743 755 2067 824; x_wconf 77' lang='lat' dir='ltr'><strong>Sanctitas</strong></span> <span class='ocrx_word' id='word_1_44' title='bbox 2109 751 2246 822; x_wconf 87' lang='lat' dir='ltr'><strong>Sua</strong></span> <span class='ocrx_word' id='word_1_45' title='bbox 2287 755 2370 819; x_wconf 88' lang='lat' dir='ltr'><strong>ad</strong></span> <span class='ocrx_word' id='word_1_46' title='bbox 2410 747 2569 821; x_wconf 82' lang='lat' dir='ltr'><strong>Cru-</strong></span> 
     </span>
     <span class='ocr_line' id='line_1_6' title="bbox 172 854 2572 946; baseline -0.001 -23"><span class='ocrx_word' id='word_1_47' title='bbox 172 859 355 924; x_wconf 82' lang='lat' dir='ltr'><strong>cifixi</strong></span> <span class='ocrx_word' id='word_1_48' title='bbox 396 859 602 946; x_wconf 72' lang='lat' dir='ltr'><strong>pedes</strong></span> <span class='ocrx_word' id='word_1_49' title='bbox 638 858 982 946; x_wconf 83' lang='lat' dir='ltr'><strong>provoluta</strong></span> <span class='ocrx_word' id='word_1_50' title='bbox 1028 865 1444 944; x_wconf 81' lang='lat' dir='ltr'><strong>protestatur,</strong></span> <span class='ocrx_word' id='word_1_51' title='bbox 1487 879 1558 922; x_wconf 89' lang='lat' dir='ltr'><strong>se</strong></span> <span class='ocrx_word' id='word_1_52' title='bbox 1601 857 1686 922; x_wconf 87' lang='lat' dir='ltr'><strong>ad</strong></span> <span class='ocrx_word' id='word_1_53' title='bbox 1729 854 2135 922; x_wconf 79' lang='lat' dir='ltr'><strong>tolerantiam</strong></span> <span class='ocrx_word' id='word_1_54' title='bbox 2171 855 2572 944; x_wconf 79' lang='lat' dir='ltr'><strong>praedictam</strong></span> 
     </span>
     <span class='ocr_line' id='line_1_7' title="bbox 174 951 2568 1044; baseline -0.001 -22"><span class='ocrx_word' id='word_1_55' title='bbox 174 979 251 1022; x_wconf 87' lang='lat' dir='ltr'><strong>ea</strong></span> <span class='ocrx_word' id='word_1_56' title='bbox 298 959 614 1024; x_wconf 72' lang='lat' dir='ltr'><strong>duntaxat</strong></span> <span class='ocrx_word' id='word_1_57' title='bbox 654 958 737 1023; x_wconf 91' lang='lat' dir='ltr'><strong>de</strong></span> <span class='ocrx_word' id='word_1_58' title='bbox 779 979 969 1022; x_wconf 86' lang='lat' dir='ltr'><strong>causa</strong></span> <span class='ocrx_word' id='word_1_59' title='bbox 1010 957 1278 1041; x_wconf 88' lang='lat' dir='ltr'><strong>adduci,</strong></span> <span class='ocrx_word' id='word_1_60' title='bbox 1342 977 1458 1022; x_wconf 89' lang='lat' dir='ltr'><strong>seu</strong></span> <span class='ocrx_word' id='word_1_61' title='bbox 1506 956 1724 1020; x_wconf 82' lang='lat' dir='ltr'><strong>verius</strong></span> <span class='ocrx_word' id='word_1_62' title='bbox 1763 951 2054 1044; x_wconf 82' lang='lat' dir='ltr'><strong>pertrahi</strong></span> <span class='ocrx_word' id='word_1_63' title='bbox 2078 1005 2099 1039; x_wconf 90' lang='lat'><strong>,</strong></span> <span class='ocrx_word' id='word_1_64' title='bbox 2137 976 2222 1020; x_wconf 91' lang='lat' dir='ltr'><strong>ne</strong></span> <span class='ocrx_word' id='word_1_65' title='bbox 2265 955 2568 1041; x_wconf 84' lang='lat' dir='ltr'><strong>graviora</strong></span> 
     </span>
     <span class='ocr_line' id='line_1_8' title="bbox 172 1052 2570 1123; baseline -0.001 -1"><span class='ocrx_word' id='word_1_66' title='bbox 172 1057 270 1122; x_wconf 85' lang='lat' dir='ltr'><strong>rei</strong></span> <span class='ocrx_word' id='word_1_67' title='bbox 314 1057 675 1123; x_wconf 88' lang='lat' dir='ltr'><strong>catholicae</strong></span> <span class='ocrx_word' id='word_1_68' title='bbox 706 1055 1118 1122; x_wconf 84' lang='lat' dir='ltr'><strong>incommoda</strong></span> <span class='ocrx_word' id='word_1_69' title='bbox 1162 1053 1531 1120; x_wconf 83' lang='lat' dir='ltr'><strong>obveniant.</strong></span> <span class='ocrx_word' id='word_1_70' title='bbox 1605 1052 1914 1120; x_wconf 84' lang='lat' dir='ltr'><strong>Ceterum</strong></span> <span class='ocrx_word' id='word_1_71' title='bbox 1949 1054 2298 1121; x_wconf 86' lang='lat' dir='ltr'><strong>tolerantia</strong></span> <span class='ocrx_word' id='word_1_72' title='bbox 2339 1056 2570 1121; x_wconf 87' lang='lat' dir='ltr'><strong>eadem</strong></span> 
     </span>
     <span class='ocr_line' id='line_1_9' title="bbox 174 1153 2567 1245; baseline -0.001 -23"><span class='ocrx_word' id='word_1_73' title='bbox 174 1156 573 1245; x_wconf 86' lang='lat' dir='ltr'><strong>Episcopum</strong></span> <span class='ocrx_word' id='word_1_74' title='bbox 610 1155 765 1221; x_wconf 87' lang='lat' dir='ltr'><strong>satis</strong></span> <span class='ocrx_word' id='word_1_75' title='bbox 808 1157 879 1220; x_wconf 88' lang='lat' dir='ltr'><strong>in</strong></span> <span class='ocrx_word' id='word_1_76' title='bbox 930 1154 1329 1222; x_wconf 84' lang='lat' dir='ltr'><strong>conscientia</strong></span> <span class='ocrx_word' id='word_1_77' title='bbox 1372 1163 1585 1219; x_wconf 88' lang='lat' dir='ltr'><strong>tutum</strong></span> <span class='ocrx_word' id='word_1_78' title='bbox 1625 1154 1824 1218; x_wconf 87' lang='lat' dir='ltr'><strong>faciet</strong></span> <span class='ocrx_word' id='word_1_79' title='bbox 1851 1204 1873 1238; x_wconf 91' lang='lat'><em>‚</em></span> <span class='ocrx_word' id='word_1_80' title='bbox 1939 1153 1995 1219; x_wconf 90' lang='lat' dir='ltr'><strong>si</strong></span> <span class='ocrx_word' id='word_1_81' title='bbox 2049 1164 2270 1221; x_wconf 90' lang='lat' dir='ltr'><strong>tamen</strong></span> <span class='ocrx_word' id='word_1_82' title='bbox 2311 1155 2454 1243; x_wconf 89' lang='lat' dir='ltr'><strong>ipse</strong></span> <span class='ocrx_word' id='word_1_83' title='bbox 2495 1155 2567 1220; x_wconf 92' lang='lat' dir='ltr'><strong>id</strong></span> 
     </span>
     <span class='ocr_line' id='line_1_10' title="bbox 170 1251 2570 1343; baseline 0 -23"><span class='ocrx_word' id='word_1_84' title='bbox 170 1256 453 1342; x_wconf 80' lang='lat' dir='ltr'><strong>gesserit</strong></span> <span class='ocrx_word' id='word_1_85' title='bbox 473 1307 495 1340; x_wconf 90' lang='lat'><strong>,</strong></span> <span class='ocrx_word' id='word_1_86' title='bbox 560 1255 737 1341; x_wconf 85' lang='lat' dir='ltr'><strong>quod</strong></span> <span class='ocrx_word' id='word_1_87' title='bbox 796 1255 1142 1343; x_wconf 87' lang='lat' dir='ltr'><strong>implorato</strong></span> <span class='ocrx_word' id='word_1_88' title='bbox 1189 1252 1416 1320; x_wconf 85' lang='lat' dir='ltr'><strong>Sancti</strong></span> <span class='ocrx_word' id='word_1_89' title='bbox 1485 1251 1772 1342; x_wconf 86' lang='lat' dir='ltr'><strong>Spiritus</strong></span> <span class='ocrx_word' id='word_1_90' title='bbox 1821 1253 2071 1320; x_wconf 88' lang='lat' dir='ltr'><strong>lumine</strong></span> <span class='ocrx_word' id='word_1_91' title='bbox 2127 1255 2458 1320; x_wconf 87' lang='lat' dir='ltr'><strong>censuerit</strong></span> <span class='ocrx_word' id='word_1_92' title='bbox 2497 1254 2570 1321; x_wconf 88' lang='lat' dir='ltr'><strong>in</strong></span> 
     </span>
     <span class='ocr_line' id='line_1_11' title="bbox 174 1344 2567 1444; baseline -0 -23"><span class='ocrx_word' id='word_1_93' title='bbox 174 1355 459 1436; x_wconf 77' lang='lat' dir='ltr'><strong>Domino</strong></span> <span class='ocrx_word' id='word_1_94' title='bbox 520 1355 833 1444; x_wconf 87' lang='lat' dir='ltr'><strong>expedire</strong></span> <span class='ocrx_word' id='word_1_95' title='bbox 896 1363 963 1420; x_wconf 84' lang='lat' dir='ltr'><strong>et</strong></span> <span class='ocrx_word' id='word_1_96' title='bbox 1001 1364 1217 1420; x_wconf 89' lang='lat' dir='ltr'><strong>cetera</strong></span> <span class='ocrx_word' id='word_1_97' title='bbox 1279 1355 1496 1420; x_wconf 88' lang='lat' dir='ltr'><strong>omnia</strong></span> <span class='ocrx_word' id='word_1_98' title='bbox 1561 1375 1726 1439; x_wconf 89' lang='lat' dir='ltr'><strong>quae</strong></span> <span class='ocrx_word' id='word_1_99' title='bbox 1772 1352 1945 1418; x_wconf 89' lang='lat' dir='ltr'><strong>dicta</strong></span> <span class='ocrx_word' id='word_1_100' title='bbox 2002 1344 2154 1420; x_wconf 80' lang='lat' dir='ltr'><strong>sunt</strong></span> <span class='ocrx_word' id='word_1_101' title='bbox 2177 1403 2198 1437; x_wconf 89' lang='lat'><strong>,</strong></span> <span class='ocrx_word' id='word_1_102' title='bbox 2257 1353 2567 1440; x_wconf 84' lang='lat' dir='ltr'><strong>religiose</strong></span> 
     </span>
     <span class='ocr_line' id='line_1_12' title="bbox 172 1445 2566 1542; baseline -0.001 -21"><span class='ocrx_word' id='word_1_103' title='bbox 172 1455 548 1522; x_wconf 84' lang='lat' dir='ltr'><strong>servaverit.</strong></span> <span class='ocrx_word' id='word_1_104' title='bbox 632 1457 972 1522; x_wconf 84' lang='lat' dir='ltr'><strong>Postremo</strong></span> <span class='ocrx_word' id='word_1_105' title='bbox 1017 1445 1337 1523; x_wconf 74' lang='lat' dir='ltr'><strong>Sanctitas</strong></span> <span class='ocrx_word' id='word_1_106' title='bbox 1386 1451 1523 1520; x_wconf 88' lang='lat' dir='ltr'><strong>Sua</strong></span> <span class='ocrx_word' id='word_1_107' title='bbox 1561 1453 1925 1539; x_wconf 87' lang='lat' dir='ltr'><strong>Episcopos</strong></span> <span class='ocrx_word' id='word_1_108' title='bbox 1981 1463 2204 1520; x_wconf 87' lang='lat' dir='ltr'><strong>monet</strong></span> <span class='ocrx_word' id='word_1_109' title='bbox 2244 1453 2566 1542; x_wconf 81' lang='lat' dir='ltr'><strong>enixeque</strong></span> 
     </span>
     <span class='ocr_line' id='line_1_13' title="bbox 167 1553 2562 1642; baseline -0.002 -20"><span class='ocrx_word' id='word_1_110' title='bbox 167 1556 239 1622; x_wconf 89' lang='lat' dir='ltr'><strong>in</strong></span> <span class='ocrx_word' id='word_1_111' title='bbox 288 1555 575 1622; x_wconf 86' lang='lat' dir='ltr'><strong>Domino</strong></span> <span class='ocrx_word' id='word_1_112' title='bbox 614 1557 992 1638; x_wconf 84' lang='lat' dir='ltr'><strong>obtestatur,</strong></span> <span class='ocrx_word' id='word_1_113' title='bbox 1034 1564 1109 1619; x_wconf 90' lang='lat' dir='ltr'><strong>ut</strong></span> <span class='ocrx_word' id='word_1_114' title='bbox 1155 1554 1421 1620; x_wconf 82' lang='lat' dir='ltr'><strong>videant</strong></span> <span class='ocrx_word' id='word_1_115' title='bbox 1464 1554 1660 1618; x_wconf 87' lang='lat' dir='ltr'><strong>etiam</strong></span> <span class='ocrx_word' id='word_1_116' title='bbox 1701 1562 1893 1642; x_wconf 88' lang='lat' dir='ltr'><strong>atque</strong></span> <span class='ocrx_word' id='word_1_117' title='bbox 1938 1554 2152 1638; x_wconf 87' lang='lat' dir='ltr'><strong>etiam,</strong></span> <span class='ocrx_word' id='word_1_118' title='bbox 2195 1573 2278 1618; x_wconf 89' lang='lat' dir='ltr'><strong>ne</strong></span> <span class='ocrx_word' id='word_1_119' title='bbox 2323 1573 2409 1617; x_wconf 82' lang='lat' dir='ltr'><strong>ex</strong></span> <span class='ocrx_word' id='word_1_120' title='bbox 2442 1553 2562 1618; x_wconf 88' lang='lat' dir='ltr'><strong>hu·</strong></span> 
     </span>
     <span class='ocr_line' id='line_1_14' title="bbox 167 1652 2570 1744; baseline -0.001 -24"><span class='ocrx_word' id='word_1_121' title='bbox 167 1656 451 1722; x_wconf 84' lang='lat' dir='ltr'><strong>iusmodi</strong></span> <span class='ocrx_word' id='word_1_122' title='bbox 489 1655 785 1744; x_wconf 87' lang='lat' dir='ltr'><strong>ipsorum</strong></span> <span class='ocrx_word' id='word_1_123' title='bbox 822 1655 1072 1722; x_wconf 85' lang='lat' dir='ltr'><strong>ratione</strong></span> <span class='ocrx_word' id='word_1_124' title='bbox 1118 1676 1277 1742; x_wconf 85' lang='lat' dir='ltr'><strong>erga</strong></span> <span class='ocrx_word' id='word_1_125' title='bbox 1332 1655 1538 1720; x_wconf 83' lang='lat' dir='ltr'><strong>mixta</strong></span> <span class='ocrx_word' id='word_1_126' title='bbox 1580 1653 1900 1719; x_wconf 86' lang='lat' dir='ltr'><strong>connubia</strong></span> <span class='ocrx_word' id='word_1_127' title='bbox 1939 1652 2164 1718; x_wconf 87' lang='lat' dir='ltr'><strong>illicite</strong></span> <span class='ocrx_word' id='word_1_128' title='bbox 2209 1662 2570 1719; x_wconf 87' lang='lat' dir='ltr'><strong>contractu-</strong></span> 
     </span>
     <span class='ocr_line' id='line_1_15' title="bbox 171 1751 2568 1843; baseline -0.001 -22"><span class='ocrx_word' id='word_1_129' title='bbox 171 1779 281 1821; x_wconf 85' lang='lat' dir='ltr'><strong>ros</strong></span> <span class='ocrx_word' id='word_1_130' title='bbox 328 1757 687 1842; x_wconf 87' lang='lat' dir='ltr'><strong>contingat,</strong></span> <span class='ocrx_word' id='word_1_131' title='bbox 720 1766 795 1820; x_wconf 85' lang='lat' dir='ltr'><strong>ut</strong></span> <span class='ocrx_word' id='word_1_132' title='bbox 836 1756 905 1820; x_wconf 86' lang='lat' dir='ltr'><strong>in</strong></span> <span class='ocrx_word' id='word_1_133' title='bbox 946 1756 1263 1822; x_wconf 85' lang='lat' dir='ltr'><strong>catholico</strong></span> <span class='ocrx_word' id='word_1_134' title='bbox 1307 1755 1552 1843; x_wconf 90' lang='lat' dir='ltr'><strong>populo</strong></span> <span class='ocrx_word' id='word_1_135' title='bbox 1597 1762 1992 1821; x_wconf 84' lang='lat' dir='ltr'><strong>extenuetur</strong></span> <span class='ocrx_word' id='word_1_136' title='bbox 2027 1751 2340 1818; x_wconf 88' lang='lat' dir='ltr'><strong>memoria</strong></span> <span class='ocrx_word' id='word_1_137' title='bbox 2381 1774 2568 1818; x_wconf 87' lang='lat' dir='ltr'><strong>cano-</strong></span> 
     </span>
     <span class='ocr_line' id='line_1_16' title="bbox 168 1853 2566 1939; baseline 0 -19"><span class='ocrx_word' id='word_1_138' title='bbox 168 1879 328 1920; x_wconf 85' lang='lat' dir='ltr'><strong>num</strong></span> <span class='ocrx_word' id='word_1_139' title='bbox 366 1856 772 1922; x_wconf 89' lang='lat' dir='ltr'><strong>matrimonia</strong></span> <span class='ocrx_word' id='word_1_140' title='bbox 826 1855 943 1920; x_wconf 91' lang='lat' dir='ltr'><strong>illa</strong></span> <span class='ocrx_word' id='word_1_141' title='bbox 987 1854 1469 1939; x_wconf 86' lang='lat' dir='ltr'><strong>detestantium,</strong></span> <span class='ocrx_word' id='word_1_142' title='bbox 1515 1862 1580 1918; x_wconf 91' lang='lat' dir='ltr'><strong>et</strong></span> <span class='ocrx_word' id='word_1_143' title='bbox 1627 1853 2126 1919; x_wconf 86' lang='lat' dir='ltr'><strong>constantissimi</strong></span> <span class='ocrx_word' id='word_1_144' title='bbox 2163 1854 2380 1938; x_wconf 88' lang='lat' dir='ltr'><strong>studii,</strong></span> <span class='ocrx_word' id='word_1_145' title='bbox 2439 1876 2566 1939; x_wconf 90' lang='lat' dir='ltr'><strong>quo</strong></span> 
     </span>
     <span class='ocr_line' id='line_1_17' title="bbox 172 1953 2570 2039; baseline 0.001 -19"><span class='ocrx_word' id='word_1_146' title='bbox 172 1965 393 2022; x_wconf 84' lang='lat' dir='ltr'><strong>sancta</strong></span> <span class='ocrx_word' id='word_1_147' title='bbox 436 1965 645 2020; x_wconf 87' lang='lat' dir='ltr'><strong>mater</strong></span> <span class='ocrx_word' id='word_1_148' title='bbox 687 1953 984 2022; x_wconf 80' lang='lat' dir='ltr'><strong>Ecclesia</strong></span> <span class='ocrx_word' id='word_1_149' title='bbox 1022 1955 1191 2021; x_wconf 86' lang='lat' dir='ltr'><strong>filios</strong></span> <span class='ocrx_word' id='word_1_150' title='bbox 1250 1977 1401 2020; x_wconf 86' lang='lat' dir='ltr'><strong>suos</strong></span> <span class='ocrx_word' id='word_1_151' title='bbox 1446 1963 1745 2022; x_wconf 81' lang='lat' dir='ltr'><strong>avertere</strong></span> <span class='ocrx_word' id='word_1_152' title='bbox 1789 1953 2026 2039; x_wconf 86' lang='lat' dir='ltr'><strong>satagit</strong></span> <span class='ocrx_word' id='word_1_153' title='bbox 2081 1955 2162 2019; x_wconf 87' lang='lat' dir='ltr'><strong>ab</strong></span> <span class='ocrx_word' id='word_1_154' title='bbox 2208 1953 2454 2020; x_wconf 88' lang='lat' dir='ltr'><strong>eisdem</strong></span> <span class='ocrx_word' id='word_1_155' title='bbox 2499 1955 2570 2022; x_wconf 90' lang='lat' dir='ltr'><strong>in</strong></span> 
     </span>
     <span class='ocr_line' id='line_1_18' title="bbox 170 2053 2570 2145; baseline -0.001 -23"><span class='ocrx_word' id='word_1_156' title='bbox 170 2075 434 2122; x_wconf 77' lang='lat' dir='ltr'><strong>suanm</strong></span> <span class='ocrx_word' id='word_1_157' title='bbox 476 2056 834 2122; x_wconf 85' lang='lat' dir='ltr'><strong>animarum</strong></span> <span class='ocrx_word' id='word_1_158' title='bbox 877 2056 1235 2145; x_wconf 87' lang='lat' dir='ltr'><strong>perniciem</strong></span> <span class='ocrx_word' id='word_1_159' title='bbox 1280 2054 1603 2120; x_wconf 79' lang='lat' dir='ltr'><strong>ineundis.</strong></span> <span class='ocrx_word' id='word_1_160' title='bbox 1664 2053 1838 2118; x_wconf 89' lang='lat' dir='ltr'><strong>Hinc</strong></span> <span class='ocrx_word' id='word_1_161' title='bbox 1879 2053 2374 2142; x_wconf 71' lang='lat' dir='ltr'><strong>Episcopom,</strong></span> <span class='ocrx_word' id='word_1_162' title='bbox 2417 2054 2570 2121; x_wconf 84' lang='lat' dir='ltr'><strong>alio·</strong></span> 
     </span>
     <span class='ocr_line' id='line_1_19' title="bbox 168 2153 2573 2242; baseline -0.001 -20"><span class='ocrx_word' id='word_1_163' title='bbox 168 2176 448 2240; x_wconf 84' lang='lat' dir='ltr'><strong>rumque</strong></span> <span class='ocrx_word' id='word_1_164' title='bbox 472 2207 492 2240; x_wconf 87' lang='lat'><strong>,</strong></span> <span class='ocrx_word' id='word_1_165' title='bbox 574 2157 687 2241; x_wconf 89' lang='lat' dir='ltr'><strong>qui</strong></span> <span class='ocrx_word' id='word_1_166' title='bbox 751 2156 871 2222; x_wconf 87' lang='lat' dir='ltr'><strong>sub</strong></span> <span class='ocrx_word' id='word_1_167' title='bbox 938 2155 1067 2221; x_wconf 89' lang='lat' dir='ltr'><strong>illis</strong></span> <span class='ocrx_word' id='word_1_168' title='bbox 1114 2164 1283 2238; x_wconf 88' lang='lat' dir='ltr'><strong>sunt,</strong></span> <span class='ocrx_word' id='word_1_169' title='bbox 1340 2177 1669 2220; x_wconf 88' lang='lat' dir='ltr'><strong>sacrorum</strong></span> <span class='ocrx_word' id='word_1_170' title='bbox 1721 2163 2052 2242; x_wconf 84' lang='lat' dir='ltr'><strong>pastorum</strong></span> <span class='ocrx_word' id='word_1_171' title='bbox 2097 2153 2384 2218; x_wconf 87' lang='lat' dir='ltr'><strong>officium</strong></span> <span class='ocrx_word' id='word_1_172' title='bbox 2427 2153 2573 2240; x_wconf 89' lang='lat' dir='ltr'><strong>erit,</strong></span> 
     </span>
     <span class='ocr_line' id='line_1_20' title="bbox 170 2254 2573 2346; baseline 0 -26"><span class='ocrx_word' id='word_1_173' title='bbox 170 2254 583 2342; x_wconf 81' lang='lat' dir='ltr'><strong>flagrantiori</strong></span> <span class='ocrx_word' id='word_1_174' title='bbox 614 2257 681 2322; x_wconf 89' lang='lat' dir='ltr'><strong>in</strong></span> <span class='ocrx_word' id='word_1_175' title='bbox 702 2267 1035 2346; x_wconf 86' lang='lat' dir='ltr'><strong>posterum</strong></span> <span class='ocrx_word' id='word_1_176' title='bbox 1061 2257 1203 2322; x_wconf 82' lang='lat' dir='ltr'><strong>zelo</strong></span> <span class='ocrx_word' id='word_1_177' title='bbox 1236 2255 1306 2320; x_wconf 87' lang='lat' dir='ltr'><strong>in</strong></span> <span class='ocrx_word' id='word_1_178' title='bbox 1332 2254 1401 2321; x_wconf 86' lang='lat' dir='ltr'><strong>id</strong></span> <span class='ocrx_word' id='word_1_179' title='bbox 1430 2255 1830 2340; x_wconf 89' lang='lat' dir='ltr'><strong>incumbere,</strong></span> <span class='ocrx_word' id='word_1_180' title='bbox 1871 2263 1944 2318; x_wconf 88' lang='lat' dir='ltr'><strong>ut</strong></span> <span class='ocrx_word' id='word_1_181' title='bbox 1983 2255 2054 2319; x_wconf 89' lang='lat' dir='ltr'><strong>in</strong></span> <span class='ocrx_word' id='word_1_182' title='bbox 2071 2254 2428 2322; x_wconf 85' lang='lat' dir='ltr'><strong>Catholicis</strong></span> <span class='ocrx_word' id='word_1_183' title='bbox 2471 2275 2573 2320; x_wconf 91' lang='lat' dir='ltr'><strong>eo-</strong></span> 
     </span>
     <span class='ocr_line' id='line_1_21' title="bbox 171 2353 2567 2444; baseline -0 -24"><span class='ocrx_word' id='word_1_184' title='bbox 171 2379 323 2421; x_wconf 85' lang='lat' dir='ltr'><strong>rum</strong></span> <span class='ocrx_word' id='word_1_185' title='bbox 366 2377 556 2422; x_wconf 87' lang='lat' dir='ltr'><strong>curae</strong></span> <span class='ocrx_word' id='word_1_186' title='bbox 602 2355 955 2424; x_wconf 83' lang='lat' dir='ltr'><strong>commissis</strong></span> <span class='ocrx_word' id='word_1_187' title='bbox 998 2367 1137 2422; x_wconf 90' lang='lat' dir='ltr'><strong>tum</strong></span> <span class='ocrx_word' id='word_1_188' title='bbox 1179 2355 1481 2444; x_wconf 84' lang='lat' dir='ltr'><strong>privatim</strong></span> <span class='ocrx_word' id='word_1_189' title='bbox 1528 2363 1664 2420; x_wconf 90' lang='lat' dir='ltr'><strong>tum</strong></span> <span class='ocrx_word' id='word_1_190' title='bbox 1711 2353 1969 2443; x_wconf 88' lang='lat' dir='ltr'><strong>publice</strong></span> <span class='ocrx_word' id='word_1_191' title='bbox 2013 2354 2412 2420; x_wconf 84' lang='lat' dir='ltr'><strong>instruendis</strong></span> <span class='ocrx_word' id='word_1_192' title='bbox 2457 2355 2567 2419; x_wconf 87' lang='lat' dir='ltr'><strong>do-</strong></span> 
     </span>
     <span class='ocr_line' id='line_1_22' title="bbox 170 2454 2570 2546; baseline 0.001 -26"><span class='ocrx_word' id='word_1_193' title='bbox 170 2455 449 2520; x_wconf 83' lang='lat' dir='ltr'><strong>ctrinam</strong></span> <span class='ocrx_word' id='word_1_194' title='bbox 496 2466 561 2521; x_wconf 93' lang='lat' dir='ltr'><strong>et</strong></span> <span class='ocrx_word' id='word_1_195' title='bbox 606 2456 792 2543; x_wconf 84' lang='lat' dir='ltr'><strong>leges</strong></span> <span class='ocrx_word' id='word_1_196' title='bbox 822 2456 1163 2523; x_wconf 84' lang='lat' dir='ltr'><strong>Ecclesiae</strong></span> <span class='ocrx_word' id='word_1_197' title='bbox 1206 2455 1287 2522; x_wconf 87' lang='lat' dir='ltr'><strong>ad</strong></span> <span class='ocrx_word' id='word_1_198' title='bbox 1334 2455 1657 2521; x_wconf 89' lang='lat' dir='ltr'><strong>connubia</strong></span> <span class='ocrx_word' id='word_1_199' title='bbox 1703 2454 1932 2520; x_wconf 90' lang='lat' dir='ltr'><strong>eadem</strong></span> <span class='ocrx_word' id='word_1_200' title='bbox 1977 2454 2380 2546; x_wconf 84' lang='lat' dir='ltr'><strong>pertinentes</strong></span> <span class='ocrx_word' id='word_1_201' title='bbox 2419 2477 2570 2543; x_wconf 88' lang='lat' dir='ltr'><strong>pru-</strong></span> 
     </span>
     <span class='ocr_line' id='line_1_23' title="bbox 170 2555 2570 2643; baseline 0.002 -23"><span class='ocrx_word' id='word_1_202' title='bbox 170 2555 403 2621; x_wconf 87' lang='lat' dir='ltr'><strong>denter</strong></span> <span class='ocrx_word' id='word_1_203' title='bbox 446 2557 637 2622; x_wconf 86' lang='lat' dir='ltr'><strong>simul</strong></span> <span class='ocrx_word' id='word_1_204' title='bbox 680 2566 746 2622; x_wconf 87' lang='lat' dir='ltr'><strong>et</strong></span> <span class='ocrx_word' id='word_1_205' title='bbox 788 2556 1019 2622; x_wconf 85' lang='lat' dir='ltr'><strong>sedule</strong></span> <span class='ocrx_word' id='word_1_206' title='bbox 1064 2565 1616 2640; x_wconf 86' lang='lat' dir='ltr'><strong>commemorent,</strong></span> <span class='ocrx_word' id='word_1_207' title='bbox 1683 2579 2032 2643; x_wconf 87' lang='lat' dir='ltr'><strong>earumque</strong></span> <span class='ocrx_word' id='word_1_208' title='bbox 2077 2559 2434 2624; x_wconf 87' lang='lat' dir='ltr'><strong>custodiam</strong></span> <span class='ocrx_word' id='word_1_209' title='bbox 2475 2557 2570 2624; x_wconf 90' lang='lat' dir='ltr'><strong>in-</strong></span> 
     </span>
    </p>
   </div>
   <div class='ocr_carea' id='block_1_3' title="bbox 86 2658 2487 2729">
    <p class='ocr_par' dir='ltr' id='par_1_3' title="bbox 86 2658 2487 2729">
     <span class='ocr_line' id='line_1_24' title="bbox 86 2658 2487 2729; baseline 0.001 -5"><span class='ocrx_word' id='word_1_210' title='bbox 86 2694 111 2710; x_wconf 82' lang='lat'>-</span> <span class='ocrx_word' id='word_1_211' title='bbox 170 2658 439 2724; x_wconf 86' lang='lat' dir='ltr'><strong>cutiant.</strong></span> <span class='ocrx_word' id='word_1_212' title='bbox 518 2659 766 2726; x_wconf 86' lang='lat' dir='ltr'><strong>Romae</strong></span> <span class='ocrx_word' id='word_1_213' title='bbox 813 2660 918 2726; x_wconf 89' lang='lat' dir='ltr'><strong>die</strong></span> <span class='ocrx_word' id='word_1_214' title='bbox 962 2660 1064 2724; x_wconf 78' lang='lat'><strong>27.</strong></span> <span class='ocrx_word' id='word_1_215' title='bbox 1110 2659 1327 2726; x_wconf 90' lang='lat' dir='ltr'><strong>Martii</strong></span> <span class='ocrx_word' id='word_1_216' title='bbox 1375 2661 1560 2726; x_wconf 83' lang='lat'><strong>1830.</strong></span> <span class='ocrx_word' id='word_1_217' title='bbox 1729 2661 1784 2726; x_wconf 92' lang='grc' dir='ltr'><strong>Ι.</strong></span> <span class='ocrx_word' id='word_1_218' title='bbox 1839 2660 2036 2729; x_wconf 78' lang='lat' dir='ltr'><strong>Card.</strong></span> <span class='ocrx_word' id='word_1_219' title='bbox 2078 2658 2240 2726; x_wconf 89' lang='lat' dir='ltr'><strong>Alb</strong></span> <span class='ocrx_word' id='word_1_220' title='bbox 2263 2682 2487 2726; x_wconf 88' lang='lat' dir='ltr'><strong>anus.</strong></span> 
     </span>
    </p>
   </div>
   <div class='ocr_carea' id='block_1_4' title="bbox 163 2873 2562 2966">
    <p class='ocr_par' dir='ltr' id='par_1_4' title="bbox 163 2873 2562 2966">
     <span class='ocr_line' id='line_1_25' title="bbox 163 2873 2562 2966; baseline 0.003 -28"><span class='ocrx_word' id='word_1_221' title='bbox 163 2873 416 2940; x_wconf 83' lang='lat' dir='ltr'>XCIV.</span> <span class='ocrx_word' id='word_1_222' title='bbox 459 2875 873 2964; x_wconf 83' lang='lat' dir='ltr'><strong>Gregorii</strong></span> <span class='ocrx_word' id='word_1_223' title='bbox 912 2875 1098 2943; x_wconf 85' lang='lat' dir='ltr'><strong>XVI.</strong></span> <span class='ocrx_word' id='word_1_224' title='bbox 1141 2879 1455 2945; x_wconf 86' lang='lat' dir='ltr'><strong>literae</strong></span> <span class='ocrx_word' id='word_1_225' title='bbox 1499 2879 1634 2945; x_wconf 89' lang='lat' dir='ltr'><strong>die</strong></span> <span class='ocrx_word' id='word_1_226' title='bbox 1675 2879 1777 2945; x_wconf 83' lang='lat'><strong>23.</strong></span> <span class='ocrx_word' id='word_1_227' title='bbox 1817 2877 2020 2966; x_wconf 88' lang='lat' dir='ltr'><strong>Maji</strong></span> <span class='ocrx_word' id='word_1_228' title='bbox 2065 2878 2226 2944; x_wconf 89' lang='grc'><strong>1846</strong></span> <span class='ocrx_word' id='word_1_229' title='bbox 2282 2877 2377 2942; x_wconf 90' lang='lat' dir='ltr'><strong>ad</strong></span> <span class='ocrx_word' id='word_1_230' title='bbox 2423 2877 2562 2944; x_wconf 89' lang='lat' dir='ltr'><strong>Ar-</strong></span> 
     </span>
    </p>
   </div>
   <div class='ocr_carea' id='block_1_5' title="bbox 210 2971 2514 3146">
    <p class='ocr_par' dir='ltr' id='par_1_5' title="bbox 210 2971 2514 3146">
     <span class='ocr_line' id='line_1_26' title="bbox 210 2971 2514 3067; baseline 0.003 -30"><span class='ocrx_word' id='word_1_231' title='bbox 210 2971 866 3067; x_wconf 86' lang='lat' dir='ltr'><strong>ch‘iepiscopum</strong></span> <span class='ocrx_word' id='word_1_232' title='bbox 908 2977 1580 3066; x_wconf 88' lang='lat' dir='ltr'><strong>Friburgensem</strong></span> <span class='ocrx_word' id='word_1_233' title='bbox 1645 2979 1911 3066; x_wconf 87' lang='lat' dir='ltr'><strong>quoad</strong></span> <span class='ocrx_word' id='word_1_234' title='bbox 1971 2979 2514 3046; x_wconf 87' lang='lat' dir='ltr'><strong>matrimonia</strong></span> 
     </span>
     <span class='ocr_line' id='line_1_27' title="bbox 1060 3077 1650 3146; baseline 0 -2"><span class='ocrx_word' id='word_1_235' title='bbox 1060 3077 1323 3145; x_wconf 65' lang='lat' dir='ltr'><strong>mixta</strong></span> <span class='ocrx_word' id='word_1_236' title='bbox 1386 3081 1650 3146; x_wconf 88' lang='lat' dir='ltr'><strong>datae.</strong></span> 
     </span>
    </p>
   </div>
   <div class='ocr_carea' id='block_1_6' title="bbox 262 3190 2509 3318">
    <p class='ocr_par' dir='ltr' id='par_1_6' title="bbox 262 3190 2509 3318">
     <span class='ocr_line' id='line_1_28' title="bbox 262 3190 2509 3318; baseline 0.005 -30"><span class='ocrx_word' id='word_1_237' title='bbox 262 3223 673 3292; x_wconf 86' lang='lat' dir='ltr'><strong>Venerabilis</strong></span> <span class='ocrx_word' id='word_1_238' title='bbox 710 3193 963 3310; x_wconf 84' lang='lat' dir='ltr'><strong>Frater,</strong></span> <span class='ocrx_word' id='word_1_239' title='bbox 1009 3225 1306 3295; x_wconf 86' lang='lat' dir='ltr'><strong>Salutem</strong></span> <span class='ocrx_word' id='word_1_240' title='bbox 1346 3237 1413 3292; x_wconf 89' lang='lat' dir='ltr'><strong>et</strong></span> <span class='ocrx_word' id='word_1_241' title='bbox 1452 3190 1906 3318; x_wconf 82' lang='lat' dir='ltr'><strong>Apostolicam</strong></span> <span class='ocrx_word' id='word_1_242' title='bbox 1949 3231 2509 3298; x_wconf 89' lang='lat' dir='ltr'><strong>Benedictionem.</strong></span> 
     </span>
    </p>
   </div>
   <div class='ocr_carea' id='block_1_7' title="bbox 152 3356 2568 4554">
    <p class='ocr_par' dir='ltr' id='par_1_7' title="bbox 152 3356 2568 4554">
     <span class='ocr_line' id='line_1_29' title="bbox 334 3356 2568 3450; baseline 0.005 -29"><span class='ocrx_word' id='word_1_243' title='bbox 334 3356 489 3422; x_wconf 84' lang='lat' dir='ltr'><strong>Non</strong></span> <span class='ocrx_word' id='word_1_244' title='bbox 526 3357 665 3423; x_wconf 88' lang='lat' dir='ltr'><strong>sine</strong></span> <span class='ocrx_word' id='word_1_245' title='bbox 705 3359 891 3446; x_wconf 84' lang='lat' dir='ltr'><strong>gravi</strong></span> <span class='ocrx_word' id='word_1_246' title='bbox 936 3360 1137 3424; x_wconf 87' lang='lat' dir='ltr'><strong>animi</strong></span> <span class='ocrx_word' id='word_1_247' title='bbox 1174 3362 1379 3426; x_wconf 88' lang='lat' dir='ltr'><strong>nostri</strong></span> <span class='ocrx_word' id='word_1_248' title='bbox 1428 3383 1723 3428; x_wconf 86' lang='lat' dir='ltr'><strong>moerore</strong></span> <span class='ocrx_word' id='word_1_249' title='bbox 1757 3365 1896 3449; x_wconf 90' lang='lat' dir='ltr'><strong>jam</strong></span> <span class='ocrx_word' id='word_1_250' title='bbox 1936 3368 2378 3450; x_wconf 88' lang='lat' dir='ltr'><strong>noscebamus,</strong></span> <span class='ocrx_word' id='word_1_251' title='bbox 2436 3368 2568 3433; x_wconf 84' lang='lat' dir='ltr'><strong>Ve-</strong></span> 
     </span>
     <span class='ocr_line' id='line_1_30' title="bbox 164 3456 2566 3550; baseline 0.005 -29"><span class='ocrx_word' id='word_1_252' title='bbox 164 3456 481 3522; x_wconf 85' lang='lat' dir='ltr'><strong>nerabilis</strong></span> <span class='ocrx_word' id='word_1_253' title='bbox 524 3457 793 3544; x_wconf 84' lang='lat' dir='ltr'><strong>Frater,</strong></span> <span class='ocrx_word' id='word_1_254' title='bbox 840 3481 1005 3545; x_wconf 88' lang='lat' dir='ltr'><strong>quae</strong></span> <span class='ocrx_word' id='word_1_255' title='bbox 1049 3460 1206 3526; x_wconf 90' lang='lat' dir='ltr'><strong>Tuis</strong></span> <span class='ocrx_word' id='word_1_256' title='bbox 1249 3460 1453 3526; x_wconf 88' lang='lat' dir='ltr'><strong>literis</strong></span> <span class='ocrx_word' id='word_1_257' title='bbox 1502 3461 1609 3526; x_wconf 89' lang='lat' dir='ltr'><strong>die</strong></span> <span class='ocrx_word' id='word_1_258' title='bbox 1646 3463 1707 3526; x_wconf 90' lang='lat'><strong>4.</strong></span> <span class='ocrx_word' id='word_1_259' title='bbox 1747 3464 2032 3550; x_wconf 85' lang='lat' dir='ltr'><strong>proximi</strong></span> <span class='ocrx_word' id='word_1_260' title='bbox 2074 3465 2314 3532; x_wconf 87' lang='lat' dir='ltr'><strong>mensis</strong></span> <span class='ocrx_word' id='word_1_261' title='bbox 2345 3465 2566 3534; x_wconf 84' lang='lat' dir='ltr'><strong>Martii</strong></span> 
     </span>
     <span class='ocr_line' id='line_1_31' title="bbox 160 3557 2566 3653; baseline 0.004 -31"><span class='ocrx_word' id='word_1_262' title='bbox 160 3557 253 3622; x_wconf 86' lang='lat' dir='ltr'><strong>ad</strong></span> <span class='ocrx_word' id='word_1_263' title='bbox 298 3579 414 3622; x_wconf 87' lang='lat' dir='ltr'><strong>nos</strong></span> <span class='ocrx_word' id='word_1_264' title='bbox 457 3557 621 3625; x_wconf 87' lang='lat' dir='ltr'><strong>datis</strong></span> <span class='ocrx_word' id='word_1_265' title='bbox 665 3559 964 3627; x_wconf 88' lang='lat' dir='ltr'><strong>dolenter</strong></span> <span class='ocrx_word' id='word_1_266' title='bbox 1028 3560 1356 3648; x_wconf 87' lang='lat' dir='ltr'><strong>significas</strong></span> <span class='ocrx_word' id='word_1_267' title='bbox 1422 3560 1506 3626; x_wconf 89' lang='lat' dir='ltr'><strong>de</strong></span> <span class='ocrx_word' id='word_1_268' title='bbox 1544 3561 1948 3648; x_wconf 88' lang='lat' dir='ltr'><strong>deploranda</strong></span> <span class='ocrx_word' id='word_1_269' title='bbox 2003 3565 2071 3629; x_wconf 90' lang='lat' dir='ltr'><strong>in</strong></span> <span class='ocrx_word' id='word_1_270' title='bbox 2111 3565 2251 3632; x_wconf 89' lang='lat' dir='ltr'><strong>istis</strong></span> <span class='ocrx_word' id='word_1_271' title='bbox 2281 3567 2566 3653; x_wconf 85' lang='lat' dir='ltr'><strong>regioni-</strong></span> 
     </span>
     <span class='ocr_line' id='line_1_32' title="bbox 164 3659 2568 3753; baseline 0.005 -30"><span class='ocrx_word' id='word_1_272' title='bbox 164 3659 293 3724; x_wconf 86' lang='lat' dir='ltr'><strong>bus</strong></span> <span class='ocrx_word' id='word_1_273' title='bbox 344 3659 697 3724; x_wconf 88' lang='lat' dir='ltr'><strong>catholicos</strong></span> <span class='ocrx_word' id='word_1_274' title='bbox 758 3661 933 3726; x_wconf 88' lang='lat' dir='ltr'><strong>inter</strong></span> <span class='ocrx_word' id='word_1_275' title='bbox 988 3669 1053 3725; x_wconf 88' lang='lat' dir='ltr'><strong>et</strong></span> <span class='ocrx_word' id='word_1_276' title='bbox 1112 3661 1504 3727; x_wconf 87' lang='lat' dir='ltr'><strong>acatholicos</strong></span> <span class='ocrx_word' id='word_1_277' title='bbox 1569 3662 2124 3730; x_wconf 86' lang='lat' dir='ltr'><strong>matrimoniorum</strong></span> <span class='ocrx_word' id='word_1_278' title='bbox 2181 3667 2568 3753; x_wconf 89' lang='lat' dir='ltr'><strong>frequentia,</strong></span> 
     </span>
     <span class='ocr_line' id='line_1_33' title="bbox 166 3756 2566 3850; baseline 0.005 -29"><span class='ocrx_word' id='word_1_279' title='bbox 166 3756 387 3840; x_wconf 85' lang='lat' dir='ltr'><strong>deque</strong></span> <span class='ocrx_word' id='word_1_280' title='bbox 437 3759 639 3824; x_wconf 78' lang='lat' dir='ltr'><strong>civilis</strong></span> <span class='ocrx_word' id='word_1_281' title='bbox 679 3759 1015 3849; x_wconf 83' lang='lat' dir='ltr'><strong>potestatis</strong></span> <span class='ocrx_word' id='word_1_282' title='bbox 1058 3761 1127 3824; x_wconf 90' lang='lat' dir='ltr'><strong>in</strong></span> <span class='ocrx_word' id='word_1_283' title='bbox 1170 3761 1488 3846; x_wconf 81' lang='lat' dir='ltr'><strong>ejusmodi</strong></span> <span class='ocrx_word' id='word_1_284' title='bbox 1518 3761 1761 3850; x_wconf 90' lang='lat' dir='ltr'><strong>nuptiis</strong></span> <span class='ocrx_word' id='word_1_285' title='bbox 1785 3764 2026 3849; x_wconf 87' lang='lat' dir='ltr'><strong>agendi</strong></span> <span class='ocrx_word' id='word_1_286' title='bbox 2058 3765 2325 3833; x_wconf 89' lang='lat' dir='ltr'><strong>ratione.</strong></span> <span class='ocrx_word' id='word_1_287' title='bbox 2371 3768 2566 3836; x_wconf 85' lang='lat' dir='ltr'><strong>Com·</strong></span> 
     </span>
     <span class='ocr_line' id='line_1_34' title="bbox 160 3860 2564 3949; baseline 0.005 -28"><span class='ocrx_word' id='word_1_288' title='bbox 160 3865 427 3945; x_wconf 84' lang='lat' dir='ltr'><strong>pertum</strong></span> <span class='ocrx_word' id='word_1_289' title='bbox 472 3860 649 3924; x_wconf 89' lang='lat' dir='ltr'><strong>enim</strong></span> <span class='ocrx_word' id='word_1_290' title='bbox 696 3861 1236 3949; x_wconf 84' lang='lat' dir='ltr'><strong>exploratumque</strong></span> <span class='ocrx_word' id='word_1_291' title='bbox 1282 3870 1385 3926; x_wconf 89' lang='lat' dir='ltr'><strong>est</strong></span> <span class='ocrx_word' id='word_1_292' title='bbox 1402 3911 1421 3944; x_wconf 90' lang='lat'><strong>,</strong></span> <span class='ocrx_word' id='word_1_293' title='bbox 1482 3861 1834 3928; x_wconf 88' lang='lat' dir='ltr'><strong>catholicos</strong></span> <span class='ocrx_word' id='word_1_294' title='bbox 1893 3885 2008 3930; x_wconf 89' lang='lat' dir='ltr'><strong>seu</strong></span> <span class='ocrx_word' id='word_1_295' title='bbox 2048 3864 2222 3931; x_wconf 82' lang='lat' dir='ltr'><strong>viros</strong></span> <span class='ocrx_word' id='word_1_296' title='bbox 2269 3888 2383 3933; x_wconf 91' lang='lat' dir='ltr'><strong>seu</strong></span> <span class='ocrx_word' id='word_1_297' title='bbox 2427 3889 2564 3933; x_wconf 88' lang='lat' dir='ltr'><strong>mu·</strong></span> 
     </span>
     <span class='ocr_line' id='line_1_35' title="bbox 156 3957 2566 4054; baseline 0.005 -33"><span class='ocrx_word' id='word_1_298' title='bbox 156 3957 383 4041; x_wconf 88' lang='lat' dir='ltr'><strong>lieres,</strong></span> <span class='ocrx_word' id='word_1_299' title='bbox 430 3959 541 4042; x_wconf 90' lang='lat' dir='ltr'><strong>qui</strong></span> <span class='ocrx_word' id='word_1_300' title='bbox 584 3961 806 4025; x_wconf 86' lang='lat' dir='ltr'><strong>mixtis</strong></span> <span class='ocrx_word' id='word_1_301' title='bbox 848 3961 1091 4048; x_wconf 88' lang='lat' dir='ltr'><strong>nuptiis</strong></span> <span class='ocrx_word' id='word_1_302' title='bbox 1136 3970 1387 4026; x_wconf 90' lang='lat' dir='ltr'><strong>temere</strong></span> <span class='ocrx_word' id='word_1_303' title='bbox 1432 3962 1890 4028; x_wconf 88' lang='lat' dir='ltr'><strong>contrahendis</strong></span> <span class='ocrx_word' id='word_1_304' title='bbox 1923 3985 1994 4029; x_wconf 91' lang='lat' dir='ltr'><strong>se</strong></span> <span class='ocrx_word' id='word_1_305' title='bbox 2025 3989 2101 4030; x_wconf 90' lang='lat' dir='ltr'><strong>ac</strong></span> <span class='ocrx_word' id='word_1_306' title='bbox 2131 3965 2386 4054; x_wconf 89' lang='lat' dir='ltr'><strong>prolem</strong></span> <span class='ocrx_word' id='word_1_307' title='bbox 2411 3967 2566 4032; x_wconf 87' lang='lat' dir='ltr'><strong>inde</strong></span> 
     </span>
     <span class='ocr_line' id='line_1_36' title="bbox 163 4057 2566 4150; baseline 0.006 -30"><span class='ocrx_word' id='word_1_308' title='bbox 163 4057 653 4145; x_wconf 83' lang='lat' dir='ltr'><strong>suscipiendam</strong></span> <span class='ocrx_word' id='word_1_309' title='bbox 692 4058 762 4124; x_wconf 87' lang='lat' dir='ltr'><strong>in</strong></span> <span class='ocrx_word' id='word_1_310' title='bbox 806 4061 1245 4148; x_wconf 79' lang='lat' dir='ltr'><strong>perversionis</strong></span> <span class='ocrx_word' id='word_1_311' title='bbox 1282 4062 1652 4150; x_wconf 87' lang='lat' dir='ltr'><strong>periculum</strong></span> <span class='ocrx_word' id='word_1_312' title='bbox 1693 4063 2016 4148; x_wconf 88' lang='lat' dir='ltr'><strong>injiciunt,</strong></span> <span class='ocrx_word' id='word_1_313' title='bbox 2059 4077 2286 4133; x_wconf 89' lang='lat' dir='ltr'><strong>contra</strong></span> <span class='ocrx_word' id='word_1_314' title='bbox 2309 4078 2566 4134; x_wconf 85' lang='lat' dir='ltr'><strong>natura·</strong></span> 
     </span>
     <span class='ocr_line' id='line_1_37' title="bbox 158 4157 2564 4250; baseline 0.005 -28"><span class='ocrx_word' id='word_1_315' title='bbox 158 4159 301 4222; x_wconf 89' lang='lat' dir='ltr'><strong>lem</strong></span> <span class='ocrx_word' id='word_1_316' title='bbox 360 4157 775 4243; x_wconf 85' lang='lat' dir='ltr'><strong>divinamque</strong></span> <span class='ocrx_word' id='word_1_317' title='bbox 831 4159 1053 4246; x_wconf 88' lang='lat' dir='ltr'><strong>legem</strong></span> <span class='ocrx_word' id='word_1_318' title='bbox 1098 4183 1390 4247; x_wconf 83' lang='lat' dir='ltr'><strong>peccare.</strong></span> <span class='ocrx_word' id='word_1_319' title='bbox 1437 4163 1652 4244; x_wconf 80' lang='lat' dir='ltr'><strong>Quam</strong></span> <span class='ocrx_word' id='word_1_320' title='bbox 1693 4185 1846 4227; x_wconf 88' lang='lat' dir='ltr'><strong>sane</strong></span> <span class='ocrx_word' id='word_1_321' title='bbox 1888 4164 2110 4250; x_wconf 88' lang='lat' dir='ltr'><strong>legem</strong></span> <span class='ocrx_word' id='word_1_322' title='bbox 2151 4177 2391 4232; x_wconf 86' lang='lat' dir='ltr'><strong>sartam</strong></span> <span class='ocrx_word' id='word_1_323' title='bbox 2433 4178 2564 4235; x_wconf 87' lang='lat' dir='ltr'><strong>tec-</strong></span> 
     </span>
     <span class='ocr_line' id='line_1_38' title="bbox 152 4259 2562 4352; baseline 0.005 -30"><span class='ocrx_word' id='word_1_324' title='bbox 152 4268 426 4342; x_wconf 86' lang='lat' dir='ltr'><strong>tamque</strong></span> <span class='ocrx_word' id='word_1_325' title='bbox 470 4259 644 4324; x_wconf 88' lang='lat' dir='ltr'><strong>tueri</strong></span> <span class='ocrx_word' id='word_1_326' title='bbox 687 4259 1023 4325; x_wconf 89' lang='lat' dir='ltr'><strong>contendit</strong></span> <span class='ocrx_word' id='word_1_327' title='bbox 1065 4259 1363 4327; x_wconf 87' lang='lat' dir='ltr'><strong>Ecclesia</strong></span> <span class='ocrx_word' id='word_1_328' title='bbox 1404 4271 1469 4326; x_wconf 90' lang='lat' dir='ltr'><strong>et</strong></span> <span class='ocrx_word' id='word_1_329' title='bbox 1509 4262 1671 4327; x_wconf 88' lang='lat' dir='ltr'><strong>haec</strong></span> <span class='ocrx_word' id='word_1_330' title='bbox 1713 4261 2102 4350; x_wconf 89' lang='lat' dir='ltr'><strong>Apostolica</strong></span> <span class='ocrx_word' id='word_1_331' title='bbox 2146 4265 2358 4334; x_wconf 85' lang='lat' dir='ltr'><strong>Sedes</strong></span> <span class='ocrx_word' id='word_1_332' title='bbox 2376 4319 2397 4352; x_wconf 90' lang='lat'><strong>,</strong></span> <span class='ocrx_word' id='word_1_333' title='bbox 2447 4291 2562 4335; x_wconf 90' lang='lat' dir='ltr'><strong>seu</strong></span> 
     </span>
     <span class='ocr_line' id='line_1_39' title="bbox 152 4357 2561 4450; baseline 0.005 -28"><span class='ocrx_word' id='word_1_334' title='bbox 152 4359 232 4422; x_wconf 88' lang='lat' dir='ltr'><strong>in</strong></span> <span class='ocrx_word' id='word_1_335' title='bbox 274 4357 571 4442; x_wconf 83' lang='lat' dir='ltr'><strong>generali</strong></span> <span class='ocrx_word' id='word_1_336' title='bbox 618 4358 908 4446; x_wconf 81' lang='lat' dir='ltr'><strong>ipsarum</strong></span> <span class='ocrx_word' id='word_1_337' title='bbox 946 4359 1321 4446; x_wconf 88' lang='lat' dir='ltr'><strong>nuptiarum</strong></span> <span class='ocrx_word' id='word_1_338' title='bbox 1365 4361 1828 4449; x_wconf 86' lang='lat' dir='ltr'><strong>prohibitione,</strong></span> <span class='ocrx_word' id='word_1_339' title='bbox 1875 4385 1992 4429; x_wconf 88' lang='lat' dir='ltr'><strong>seu</strong></span> <span class='ocrx_word' id='word_1_340' title='bbox 2030 4364 2102 4430; x_wconf 92' lang='lat' dir='ltr'><strong>in</strong></span> <span class='ocrx_word' id='word_1_341' title='bbox 2132 4366 2561 4450; x_wconf 88' lang='lat' dir='ltr'><strong>cautionibus,</strong></span> 
     </span>
     <span class='ocr_line' id='line_1_40' title="bbox 156 4456 2556 4554; baseline 0.005 -33"><span class='ocrx_word' id='word_1_342' title='bbox 156 4478 324 4542; x_wconf 83' lang='lat' dir='ltr'><strong>quas</strong></span> <span class='ocrx_word' id='word_1_343' title='bbox 355 4456 505 4541; x_wconf 86' lang='lat' dir='ltr'><strong>jure</strong></span> <span class='ocrx_word' id='word_1_344' title='bbox 546 4477 665 4524; x_wconf 83' lang='lat' dir='ltr'><strong>suo</strong></span> <span class='ocrx_word' id='word_1_345' title='bbox 699 4457 929 4544; x_wconf 79' lang='lat' dir='ltr'><strong>exigit,</strong></span> <span class='ocrx_word' id='word_1_346' title='bbox 972 4482 1125 4526; x_wconf 88' lang='lat' dir='ltr'><strong>cum</strong></span> <span class='ocrx_word' id='word_1_347' title='bbox 1162 4461 1246 4527; x_wconf 91' lang='lat' dir='ltr'><strong>ob</strong></span> <span class='ocrx_word' id='word_1_348' title='bbox 1292 4483 1531 4548; x_wconf 85' lang='lat' dir='ltr'><strong>graves</strong></span> <span class='ocrx_word' id='word_1_349' title='bbox 1577 4460 1828 4549; x_wconf 87' lang='lat' dir='ltr'><strong>aliquas</strong></span> <span class='ocrx_word' id='word_1_350' title='bbox 1869 4486 2092 4532; x_wconf 84' lang='lat' dir='ltr'><strong>causas</strong></span> <span class='ocrx_word' id='word_1_351' title='bbox 2139 4486 2218 4532; x_wconf 92' lang='lat' dir='ltr'><strong>ea</strong></span> <span class='ocrx_word' id='word_1_352' title='bbox 2247 4467 2556 4554; x_wconf 83' lang='lat' dir='ltr'><strong>conjugia</strong></span> 
     </span>
    </p>
   </div>
  </div>
 </body>
</html>
