2959 4984
377 329 451 383 90
773 325 919 378 xm.
992 323 1469 378 CONCORDATA
1509 319 2132 376 CONSTANTIENSIA
2174 322 2239 372 A.
2278 316 2433 372 1418.

397 501 539 558 sent
585 511 779 579 super
818 486 1129 554 enarratis
1168 485 1455 552 articulis
1484 485 1594 551 vel
1619 483 1809 550 alicui
1852 484 1963 550 vel
1999 483 2320 570 aliquibus
2357 507 2586 554 eorum
2613 489 2802 554 dicto

386 589 825 678 quinquennio
868 587 1163 660 durante.
1207 585 1392 653 Nulli
1430 586 1634 671 igitur
1675 594 1796 650 etc.

552 690 632 756 In
674 687 985 754 Ecclesiis
1032 686 1507 753 cathedralibus
1555 695 1622 751 et
1679 685 1871 750 etiam
1910 684 2321 752 Monasteriis
2363 687 2798 777 Apostolicae

388 790 529 858 sedi
572 788 962 855 immediate·
986 787 1291 854 subiectis
1334 786 1493 852 fiant
1537 783 1890 851 electiones
1933 786 2308 869 canonicae,
2345 809 2510 872 quae
2555 790 2640 855 ad
2687 812 2794 855 se-

392 890 543 956 dem
584 889 1031 977 Apostolicam
1072 887 1465 968 deferantur,
1511 907 1670 970 quas
1715 886 1908 951 etiam
1955 886 2038 951 ad
2083 895 2339 974 tempus
2369 889 2795 955 constitutum

380 991 451 1056 in
490 989 943 1055 constitutione
982 987 1236 1054 Nicolai
1276 987 1421 1069 111„
1470 1007 1634 1070 quae
1673 984 1933 1075 incipit=
1981 985 2380 1075 Cupientes,
2447 987 2628 1076 Papa
2669 1010 2790 1054 ex-

382 1100 635 1180 pectet3
682 1113 809 1175 quo
851 1091 1041 1170 fact0,
1082 1088 1138 1152 si
1179 1110 1311 1152 non
1355 1086 1600 1152 fuerint
1640 1095 2106 1175 praesentatae,
2165 1088 2275 1152 vel
2318 1088 2374 1152 si
2413 1097 2790 1176 praesenta-

384 1202 487 1258 tae
530 1191 738 1257 minus
786 1189 1090 1256 canonice
1130 1187 1369 1252 fuerint
1385 1236 1404 1269 ,
1465 1185 1646 1275 Papa
1686 1185 2068 1274 provideat3
2136 1186 2190 1250 si
2237 1208 2397 1253 vero
2441 1188 2794 1252 canonicae

378 1291 638 1373 fuerint,
680 1289 859 1378 Papa
908 1291 1017 1354 eas
1062 1289 1420 1369 confirmet,
1452 1285 1577 1352 nisi
1623 1308 1708 1350 ex
1751 1307 1941 1350 causa
1973 1286 2336 1353 rationabili
2373 1297 2440 1352 et
2477 1287 2792 1370 evidenti,

386 1399 453 1456 et
494 1390 578 1454 de
622 1391 893 1454 fratrum
934 1387 1199 1454 consilio
1224 1437 1244 1470 ,
1312 1387 1397 1452 de
1438 1384 1725 1473 digniori
1791 1395 1858 1450 et
1895 1386 2142 1451 utiliori
2197 1408 2478 1476 persona
2522 1387 2793 1452 duxerit

386 1487 903 1578 providendum:
973 1487 1235 1576 proviso
1255 1537 1277 1570 ,
1345 1486 1518 1571 quod
1579 1485 1940 1550 confirmati
1985 1495 2053 1550 et
2093 1487 2338 1574 provisi
2376 1507 2498 1575 per
2540 1487 2790 1575 Papam

382 1588 799 1654 nihilominus
840 1587 1355 1675 Metropolitanis
1380 1634 1399 1668 ,
1462 1595 1528 1650 et
1585 1585 1726 1650 aliis
1792 1593 2124 1674 praestent
2173 1584 2390 1652 debita
2426 1584 2792 1651 iuramenta

385 1698 453 1754 et
491 1688 636 1771 alia,
680 1687 763 1753 ad
808 1709 971 1773 quae
1013 1687 1096 1752 de
1136 1687 1278 1752 iure
1321 1686 1429 1751 vel
1476 1684 1946 1750 consuetudine
1988 1694 2309 1750 tenentur.

551 1787 631 1854 In
669 1786 1079 1854 Monasteriis
1140 1797 1357 1852 autem
1379 1836 1398 1869 ,
1462 1807 1628 1871 quae
1691 1807 1825 1850 non
1881 1794 2030 1850 sunt
2083 1785 2456 1850 immediate
2501 1787 2792 1852 subiecta

390 1889 532 1954 sedi
576 1888 995 1977 Apostolicae
1016 1936 1035 1970 ,
1080 1908 1203 1952 nec
1240 1908 1372 1951 non
1413 1886 1481 1951 in
1528 1886 1668 1951 aliis
1714 1885 2048 1951 beneficiis
2097 1885 2545 1971 regularibus,
2595 1909 2792 1975 super

386 1989 618 2074 quibus
674 2011 793 2077 pro
843 1987 1329 2052 confirmatione
1386 2007 1506 2051 seu
1549 1985 1920 2075 provisione
1977 2008 2109 2050 non
2171 1986 2508 2050 consuevit
2561 1986 2790 2052 haberi

388 2111 689 2154 recursus
753 2087 837 2153 ad
898 2087 1123 2152 sedem
1169 2085 1619 2175 Apostolicam
1647 2135 1667 2169 ,
1731 2109 1866 2151 non
1919 2095 2260 2151 teneantur
2302 2085 2530 2150 venire
2577 2086 2790 2170 electi,

388 2209 505 2254 seu
544 2189 644 2253 illi
690 2188 918 2273 quibus
962 2186 1439 2275 providendum
1487 2193 1621 2268 est,
1669 2186 1754 2251 ad
1800 2185 2062 2253 Curiam
2105 2186 2188 2250 ad
2231 2185 2600 2252 habendam
2641 2209 2790 2252 con—

393 2289 825 2354 firmationem
869 2308 983 2352 seu
1034 2287 1473 2376 provisionem
1494 2335 1514 2368 ,
1560 2307 1684 2352 nec
1727 2287 1922 2351 etiam
1963 2286 2134 2351 dicta
2175 2285 2494 2352 beneficia
2531 2287 2792 2373 reg-ula-

390 2388 489 2454 ria
532 2389 763 2454 cadant
802 2387 873 2454 in
917 2387 1145 2475 gratiis
1190 2387 1656 2476 expectativis:
1723 2386 1833 2452 ubi
1877 2395 2092 2452 autem
2140 2387 2210 2451 in
2246 2385 2662 2452 Monasteriis
2703 2386 2788 2451 ad

390 2487 651 2556 Curiam
688 2490 1043 2558 Romanam
1085 2511 1207 2578 pro
1250 2487 1741 2554 confirmatione
1791 2487 2016 2552 venire
2057 2507 2176 2552 seu
2215 2485 2475 2550 mittere
2520 2507 2787 2552 consue-

384 2599 620 2654 verunt
634 2638 655 2672 ,
722 2589 813 2655 ibi
850 2589 1029 2677 Papa
1076 2611 1209 2653 non
1246 2587 1434 2652 aliter
1478 2587 1820 2652 confirmet
1863 2595 1974 2653 aut
2014 2587 2356 2676 provideat
2374 2635 2395 2670 ,
2441 2607 2637 2672 quam
2679 2608 2783 2652 su-

381 2689 604 2778 perius
648 2689 733 2753 de
772 2688 1085 2754 Ecclesiis
1127 2686 1600 2753 cathedralibus
1645 2696 1746 2754 est
1791 2708 2193 2776 expressum.

553 2787 659 2853 De
704 2786 1115 2854 Monasteriis
1159 2787 1540 2852 Monialium
1586 2786 1764 2876 Papa
1805 2810 1938 2853 non
1981 2787 2300 2876 disponet,
2341 2785 2467 2850 nisi
2507 2785 2638 2851 sint
2673 2807 2786 2852 ex-

400 2896 616 2976 empta
638 2936 658 2970 ,
706 2896 772 2952 et
813 2895 967 2953 tunc
1005 2909 1125 2976 per
1168 2887 1686 2954 commissionem
1728 2887 1796 2952 in
1838 2887 2145 2977 partibus·
2221 2887 2329 2953 De
2377 2887 2650 2952 caeteris
2694 2886 2786 2952 di-

396 2987 750 3075 gnitatibus
809 2998 875 3052 et
915 2988 1245 3054 beneficiis
1289 2988 1778 3074 quibuscunque
1843 2988 2236 3054 secularibus
2277 2997 2343 3054 et
2381 2987 2790 3074 regularibus

398 3088 717 3154 vacaturis
753 3090 922 3156 ultra
961 3089 1435 3154 reservationes
1486 3089 1614 3154 iam
1651 3088 1896 3165 dictas:
1971 3088 2320 3154 maioribus
2365 3088 2788 3174 dignitatibus

399 3197 550 3280 post
590 3188 1038 3254 Pontificalem
1078 3189 1147 3253 in
1190 3187 1671 3254 cathedralibus·
1711 3197 1778 3252 et
1817 3187 2277 3276 principalibus
2318 3188 2386 3253 in
2427 3188 2790 3276 collegiatis

396 3288 707 3355 Ecclesiis
750 3289 1083 3378 exceptis:
1126 3288 1209 3354 de
1258 3287 1489 3373 quibus
1537 3289 1678 3353 iure
1728 3287 2054 3353 ordinario
2093 3288 2513 3376 provideatur
2550 3312 2675 3378 per
2713 3291 2786 3355 il-

388 3389 488 3454 los
532 3388 895 3472 inferiores,
938 3389 1022 3454 ad
1064 3410 1223 3474 quos
1262 3388 1417 3454 alias
1455 3387 1782 3476 pertinet3
1824 3409 1949 3454 nec
1991 3397 2442 3476 computentur
2481 3389 2554 3456 in
2602 3399 2788 3456 turno

382 3511 499 3555 seu
537 3489 679 3554 vice
729 3511 973 3554 eorum.
1068 3569 1079 3578 θ

546 3589 717 3656 Item
755 3589 1078 3676 Dominus
1119 3596 1339 3653 noster
1382 3587 1562 3676 Papa
1605 3587 1860 3653 ordinat
1880 3637 1901 3671 ,
1947 3588 2126 3673 quod
2163 3609 2284 3676 per
2329 3609 2784 3678 quameunque

396 3692 589 3758 aliam
629 3689 1171 3772 reservationem,
1232 3689 1506 3774 gratiam
1544 3687 2076 3776 exspectativam,
2119 3697 2228 3754 aut
2271 3690 2559 3775 quamvis
2601 3693 2787 3758 aliam

394 3792 883 3882 dispositionem
938 3792 1057 3856 sub
1117 3811 1498 3874 quacunque
1564 3790 1914 3854 verborum
1964 3788 2172 3854 forma
2191 3839 2211 3872 ‚
2275 3812 2397 3878 per
2441 3791 2614 3859 Eum
2683 3802 2789 3858 aut

388 3893 545 3960 Eius
594 3892 971 3958 auctoritate
1012 3891 1243 3956 factam
1277 3890 1385 3955 vel
1407 3887 1789 3972 faciendam,
1828 3909 1960 3954 non
2000 3889 2179 3973 velit,
2223 3909 2437 3975 neque
2471 3892 2634 3974 vult,
2677 3913 2783 3958 ne-

388 4015 513 4080 que
554 3992 949 4074 intendebat,
996 4012 1118 4056 nec
1153 3990 1431 4056 intendit
1472 3989 1686 4055 facere
1728 4011 1858 4054 non
1895 3989 2060 4072 fieri,
2105 4012 2234 4075 quo
2275 3990 2483 4055 minus
2533 3991 2619 4056 de
2652 4013 2780 4058 me-

392 4093 498 4159 dia
537 4103 719 4182 parte
761 4093 1020 4158 illarum
1062 4099 1127 4156 et
1160 4090 1426 4156 illorum
1464 4113 1612 4155 cum
1639 4092 1958 4156 vacabunt
1993 4090 2257 4156 alternis
2296 4090 2544 4157 vicibus
2580 4092 2784 4159 libere

388 4193 763 4282 disponatur
781 4242 801 4276 ‚
868 4213 988 4280 per
1029 4191 1177 4256 illos
1197 4239 1217 4273 ,
1264 4189 1346 4255 ad
1392 4212 1555 4276 quos
1601 4189 1858 4256 collatio
1877 4239 1897 4273 ,
1957 4191 2284 4278 provisio,
2329 4193 2784 4309 praesentatio,

388 4293 620 4358 electio
645 4342 665 4375 ,
732 4302 861 4358 aut·
899 4291 1023 4357 alia
1069 4290 1332 4376 quaevis
1390 4291 1728 4380 dispositio
1775 4291 2163 4379 pertinebit,
2227 4301 2424 4381 prout
2479 4293 2627 4356 ad
2607 4317 2780 4382 ipsos

386 4393 702 4481 spectabit
763 4393 847 4457 de
890 4391 1359 4458 consuetudine
1413 4392 1520 4455 vel
1589 4391 1672 4456 de
1713 4391 1898 4456 iure:
1973 4391 2062 4456 ita
2116 4392 2293 4477 quod
2341 4415 2486 4458 cum
2533 4393 2622 4460 de
2661 4417 2780 4460 una

393 4489 730 4576 dignitate,
773 4500 1139 4579 personatu,
1180 4492 1392 4558 officio
1420 4493 1530 4558 vel
1572 4491 1909 4576 beneficio,
1955 4514 2042 4558 ex
2077 4493 2208 4560 illis
2251 4493 2335 4560 ad
2381 4493 2784 4579 electionem,
