2959 4984
606 283 902 334 xxxvm.
979 280 1224 333 BULLA
1263 281 1404 332 PRO
1441 280 1693 334 REGNO
1728 278 2133 336 BORUSSIGO
2171 281 2235 333 A,
2277 275 2435 335 1821.
2576 277 2683 334 249
2756 297 2761 304 ·

281 447 766 539 denburgensis
831 448 1245 514 inveniuntur
1301 449 1431 514 iam
1493 449 1619 537 ipsi
1675 448 1983 516 Dioecesi
2010 449 2415 522 ,Trevirensi
2484 449 2680 538 perti-

281 557 608 622 uentibus.

461 653 774 740 (XXIX.)
872 650 1246 718 Dioeccsim
1314 649 1717 740 Episcopalis
1770 651 2297 717 Monasteriensis
2353 651 2683 718 Ecclesiae

277 754 753 841 Suffraganeae
795 752 1332 840 Metropolitanae
1386 751 1794 818 Coloniensis
1846 753 2275 817 efformabunt
2312 752 2673 818 biscentum

283 856 618 941 octoginta
658 864 909 943 septem
952 850 1296 921 Paroeciae
1341 849 1511 916 intra
1553 851 1717 916 fines
1759 849 1976 938 Regni
2021 849 2353 917 Borussici
2412 849 2569 916 sitae
2616 860 2683 918 et

277 955 446 1022 aliae
493 976 752 1041 quoque
823 961 1008 1018 extra
1052 951 1344 1016 eiusdem
1383 952 1602 1038 Regni
1657 952 1823 1017 fines
1876 952 1947 1017 in
1992 952 2225 1017 eodem
2273 951 2678 1017 Dioecesano

277 1054 639 1122 Territorio
682 1063 828 1120 actu
855 1053 1380 1139 comprehensae,
1428 1052 1511 1116 de
1556 1053 1788 1138 quibus
1834 1052 1904 1117 in
1947 1051 2121 1116 aliud
2169 1060 2421 1139 tempus
2466 1050 2682 1139 dispo-

279 1157 487 1221 nendi
529 1154 757 1238 Nobis,
799 1153 1184 1222 etRomanis
1214 1151 1639 1219 Pontificibus
1686 1152 2164 1218 successoribus
2195 1151 2450 1216 Nostris
2491 1159 2686 1238 prout

277 1266 725 1345 opportunum
775 1255 842 1318 in
883 1253 1168 1319 Domino
1211 1252 1600 1317 iudicabitur
1638 1253 2007 1318 facultatem
2048 1273 2475 1318 reservamus,
2543 1247 2683 1315 Ad-

281 1357 620 1443 iungimus
663 1362 1000 1444 praeterea
1038 1353 1368 1438 Regiones
1411 1363 1809 1441 nuncupatas
1851 1389 1938 1401 --
1970 1350 2685 1436 Recklinghausensem

279 1494 363 1508 -m
415 1454 984 1522 Sterkrathensem
1029 1489 1108 1500 -
1169 1460 1235 1516 et
1273 1453 1669 1518 Reesensem
1714 1489 1798 1500 —-
1840 1452 2097 1540 pridem
2140 1451 2439 1535 antiquae
2486 1447 2677 1516 Colo·

273 1555 528 1622 niensis
571 1555 910 1621 Dioecesis
927 1602 946 1636 ,
995 1550 1260 1617 exclusa
1311 1561 1528 1618 tamen
1568 1554 1647 1617 ab
1689 1554 1810 1618 hac
1854 1561 2181 1642 postrema
2220 1551 2517 1637 Regione
2555 1548 2675 1613 Pa-

273 1656 502 1724 roecia
547 1653 796 1722 Oeffelt
839 1655 957 1718 sub
1005 1652 1378 1739 Temporali
1421 1652 1680 1739 Belgici
1720 1654 1935 1740 Regni
2002 1651 2284 1718 dominio
2332 1650 2675 1731 existente,

277 1777 414 1826 nec.
449 1778 584 1821 non
627 1777 713 1820 ex
750 1753 1056 1819 Dioecesi
1105 1752 1629 1838 Aquisgranensi
1686 1776 1858 1818 nunc
1900 1773 2248 1842 suppressa
2290 1746 2679 1817 Cantonales

275 1854 612 1921 Ecclesias
653 1863 1048 1940 nuncupatas
1078 1891 1144 1902 --
1207 1853 1434 1944 Calcar
1469 1891 1555 1901 —-
1598 1851 1803 1918 Cleve
1844 1891 1930 1901 —
1956 1852 2387 1938 Cranenburg
2408 1889 2491 1912 -.-
2521 1849 2685 1918 Diil-

277 1957 421 2020 ken
477 1988 566 2004 —-·
611 1953 908 2020 Geldern
948 1991 1026 2000 --
1073 1953 1264 2020 Goch
1310 1989 1382 2002 -—·
1431 1949 1739 2040 Kempen
1778 1991 1863 2000 -—-
1906 1953 2131 2020 Meurs
2180 1987 2269 2002 ·-
2310 1952 2691 2040 Rheinberg

273 2093 369 2102 ——-
409 2054 744 2118 Wankum
780 2092 864 2100 —-
899 2052 1153 2134 Wesel,
1199 2089 1262 2100 -
1322 2062 1388 2117 et
1413 2053 1673 2118 Xanten
1710 2086 1799 2101 ·-
1838 2075 1984 2118 cum
2026 2054 2157 2118 suis
2194 2053 2685 2137 succursalibus,

283 2163 360 2220 et
394 2154 686 2235 adnexiS,
733 2153 1022 2241 exceptis
1065 2161 1282 2218 tamen
1323 2152 1398 2216 iis
1423 2153 1729 2218 Dominio
1773 2153 1977 2240 Regis
2010 2153 2371 2240 Belgarum
2411 2153 2479 2218 in
2523 2163 2683 2218 tem-

277 2255 616 2342 poralibus
677 2254 998 2319 subiectis.
1082 2253 1525 2338 Adiungimus
1570 2253 1836 2341 insuper
1870 2253 2220 2340 'Paroecias
2288 2261 2687 2342 nuncupatas

278 2353 606 2436 —Elten‚
648 2393 730 2401 —
777 2362 842 2418 et
864 2353 1236 2420 Emmerich
1277 2389 1363 2403 -
1390 2375 1536 2418 cum
1578 2375 1693 2417 sua
1740 2353 1921 2418 filiali
1962 2354 2091 2418 huc
2132 2375 2341 2438 usque
2384 2355 2503 2418 sub
2533 2352 2685 2418 mis-

281 2453 575 2520 sionibus
614 2453 1017 2519 Hollandicis
1061 2462 1376 2536 extanteS‚
1423 2453 1713 2538 itemque
1762 2453 2137 2518 Paroeciam
2179 2491 2265 2500 —-
2313 2451 2686 2520 Oldenbur-

271 2575 552 2640 gensem
609 2591 692 2600 --
754 2575 945 2638 quam
983 2553 1384 2638 seiungimus
1451 2577 1489 2616 a
1552 2553 1969 2624 Missionibus
2033 2552 2685 2640 septemtrionalibus,

273 2675 572 2739 quaeque
623 2654 950 2742 pertinent
990 2652 1074 2717 ad
1115 2653 1427 2718 ditionem
1469 2652 1677 2718 Ducis
1730 2651 2316 2738 Oldenburgensis.
2378 2650 2684 2736 Denique

274 2753 615 2835 modern0‚
675 2776 750 2817 ac
789 2775 911 2840 pro
957 2761 1250 2840 tempore
1297 2753 1600 2819 existenti
1638 2752 1968 2841 Episcopo
2009 2751 2504 2818 Monasteriensi
2536 2773 2683 2839 per-

273 2863 476 2941 petuo
526 2854 852 2940 regendas
873 2903 892 2937 ,
939 2862 1004 2917 et
1043 2852 1583 2918 administrandas
1628 2853 2081 2918 committimus
2124 2852 2409 2938 quinque
2458 2873 2683 2939 paroe—

274 2953 406 3018 cias
438 2961 836 3041 nuncupatas
875 2991 962 3000 —-
1010 2953 1501 3018 Brochterbeck
1544 2989 1633 3003 —-
1670 2953 2135 3019 Ibbenbiihren
2174 2991 2258 2999 ——
2315 2950 2687 3038 Mettingen

274 3091 362 3102 --
407 3054 654 3136 Recke‚
693 3088 782 3102 --
823 3061 890 3117 et
925 3052 1278 3136 Halverde,
1329 3075 1493 3138 quae
1534 3054 1925 3138 suffraganei
1967 3052 2493 3139 Osnabrugensis
2540 3051 2681 3118 Ad-

279 3152 733 3220 ministrationi
779 3152 863 3217 ad
891 3153 1312 3241 Apostolicae
1356 3153 1533 3219 sedis
1565 3154 2040 3239 beneplacitum
2074 3160 2259 3218 erant
2286 3151 2683 3217 commissae.

451 3251 726 3339 (XXX.)
808 3252 1366 3318 Paderbornensis
1407 3253 1815 3342 Episcopalis
1856 3251 2186 3318 Ecclesiae
2208 3303 2227 3336 ,
2276 3251 2683 3319 Coloniensis

275 3352 820 3440 Metropolitanae
867 3350 1356 3439 Suffraganeae,
1400 3354 1743 3418 Dioecesis
1781 3353 2049 3436 iisdem,
2090 3354 2321 3439 quibus
2366 3377 2537 3420 nunc
2581 3373 2681 3418 re-

281 3452 554 3540 peritur,
598 3453 884 3518 manebit
927 3453 1408 3540 circumscripta
1453 3453 1783 3519 limitibus.
1856 3453 1966 3518 Illi
2009 3463 2350 3543 praeterea
2392 3453 2687 3540 adiungi-

275 3576 422 3617 mus
475 3553 746 3618 alteram
785 3576 960 3618 nunc
1005 3573 1419 3641 suppressam
1459 3553 1837 3618 Dioecesim
1885 3553 2350 3620 Corbeiensem
2393 3578 2538 3619 cum
2586 3554 2683 3618 in-

277 3661 472 3738 tegro
539 3674 656 3716 suo
721 3651 1074 3718 Territorio
1133 3677 1172 3717 a
1207 3653 1568 3718 venerabili
1605 3652 1835 3718 Fratre
1898 3653 2313 3718 Ferdinando
2356 3653 2681 3742 Episcopo

279 3752 781 3818 Monasteriensi
821 3753 1346 3835 administratam,
1391 3775 1515 3818 nec
1552 3775 1684 3817 non
1728 3775 1815 3819 ex
1838 3751 2335 3818 Transrhenano
2380 3752 2680 3836 antiquae

281 3851 690 3918 Coloniensis
735 3853 1076 3920 Dioecesis
1122 3852 1480 3918 Territorio
1525 3853 1895 3918 Decanatus
1936 3891 2020 3901 ——
2061 3851 2568 3918 Mechedensem
2592 3891 2678 3901 —-

281 3951 882 4018 Attendornensem
922 3991 1007 4002 -
1049 3953 1506 4018 Brilonensem
1554 3991 1636 4000 -
1675 3953 2303 4019 Wormbachensem
2334 3991 2416 4000 -
2456 3950 2682 4017 Mede-

277 4052 671 4120 bachensem
736 4090 818 4101 --
875 4062 942 4116 et
983 4053 1713 4118 Wettenscheidensem
1773 4091 1855 4102 —-
1898 4063 2315 4139 nuncupatos
2360 4075 2505 4118 cum
2553 4051 2685 4117 suis

277 4152 786 4236 ParochialibuS,
839 4160 904 4216 et
941 4152 998 4218 F
998 4154 1279 4220 ilialibus
1305 4152 1636 4235 EcclesiiS,
1686 4153 2059 4241 pariterque
2092 4152 2683 4219 Commissariatum

279 4291 360 4301 —-·
409 4252 832 4337 Haarensem,
874 4289 959 4302 -—-
1003 4263 1068 4318 et
1107 4253 1488 4318 Paroeciam
1515 4291 1601 4300 —-
1620 4254 2133 4342 Rb‘mershagen,
2177 4290 2265 4302 —-·
2307 4264 2373 4319 et
2410 4255 2679 4319 ulterius

275 4391 362 4402 —-
404 4353 934 4440 Rittbergensem
977 4395 1043 4404 -
1095 4362 1161 4418 et
1201 4352 1930 4420 Wiedenbriickensem
1970 4391 2055 4402 —-
2096 4354 2485 4438 Decanatus,
2528 4377 2674 4421 cum

283 4451 416 4518 suis
467 4454 832 4544 respective
892 4451 1363 4541 parochialibus
1388 4501 1411 4536 ,
1473 4462 1541 4518 et
1578 4453 1914 4520 Filialibus
1972 4452 2284 4520 Ecclesiis
2341 4456 2421 4520 ab
2470 4452 2674 4522 Osna-
