2959 4984
422 303 533 359 570
729 301 1023 354 Lxxxnx.
1094 299 1502 354 nucromes
1537 301 1636 352 nn
1671 285 1936 354 nutans
1971 299 2216 354 rasus
2255 301 2320 352 A.
2355 297 2517 354 1858.

424 465 799 547 cumulans,
858 463 1089 548 suique
1134 462 1205 528 in
1246 483 1367 530 nos
1410 461 1648 528 amoris
1699 461 1954 528 divitias
1995 461 2402 552 profundens
2443 462 2672 530 effecit
2685 517 2706 550 ,
2749 475 2825 530 nt

430 567 637 656 probe
676 563 1219 650 intelligeremus,
1262 563 1437 649 quod
1478 585 1624 628 cum
1667 561 2008 628 dilexisset
2045 585 2217 648 suos,
2259 561 2330 630 in
2357 563 2562 630 finem
2587 565 2833 630 dilexit

426 687 559 733 eos.
606 664 905 749 Namque
948 685 1019 728 se
1061 673 1397 729 aeternum
1427 661 1858 730 Sacerdotem
1903 683 2046 727 esse
2091 661 2428 728 declarans
2456 665 2826 730 secundum

430 765 728 832 ordinem
766 763 1279 846 Melchisedech,
1324 785 1512 828 suum
1555 762 1624 828 in
1665 761 2000 829 Catholica
2039 761 2332 828 Ecclesia
2363 762 2828 832 Sacerdotium

432 874 749 956 perpetuo
792 863 1103 949 instituit,
1146 872 1213 928 et
1252 863 1419 928 illud
1458 862 1635 928 idem
1677 859 2108 944 Sacrificium,
2153 862 2328 946 qnod
2373 864 2516 950 ipse
2557 865 2641 930 ad
2685 864 2824 930 uni·

426 987 693 1033 versum
732 965 1089 1030 humanum
1128 985 1341 1050 genus
1382 987 1421 1028 a
1460 963 1710 1052 peccati
1743 962 1912 1048 jugo
1955 983 2030 1027 ac
2071 961 2406 1028 daemonis
2447 963 2822 1052 captivitate

426 1065 889 1132 vindicandum
954 1074 1019 1130 et
1080 1063 1536 1130 redimendum
1591 1062 1660 1128 in
1713 1085 1825 1128 ara
1881 1061 2088 1128 crucis
2106 1114 2127 1147 ,
2187 1063 2657 1150 pretiosissimo
2705 1087 2821 1130 sue

428 1164 745 1252 sanguine
808 1165 1017 1230 effuso
1035 1215 1055 1250 ,
1116 1164 1323 1228 semel
1370 1163 1671 1254 peregit,
1730 1161 2076 1249 pacificans
2119 1162 2258 1228 sive
2299 1183 2468 1248 quae
2507 1162 2582 1228 in
2621 1163 2822 1230 coelis

430 1276 601 1348 sunt,
644 1262 779 1328 sive
822 1285 987 1348 quae
1028 1263 1099 1328 in
1136 1273 1331 1348 terra,
1370 1285 1580 1348 usque
1619 1261 1702 1328 ad
1741 1263 2359 1328 consummationem
2402 1263 2644 1328 saeculi
2675 1285 2822 1353 per·

428 1385 695 1432 manere
738 1362 1049 1448 decrevit,
1094 1372 1161 1428 et
1206 1362 1496 1449 qnotidie
1537 1362 1706 1447 fieri,
1751 1385 1825 1427 ac
1865 1361 2168 1428 renovari
2197 1361 2396 1449 jussit
2427 1383 2554 1450 per
2591 1359 2822 1430 Sacer—

430 1465 655 1530 dotum
698 1462 1161 1547 ministerium,
1218 1465 1359 1530 sola
1400 1462 1722 1528 offerendi
1763 1462 2018 1528 ratione
2059 1463 2349 1546 diversa,
2391 1472 2468 1527 nt
2507 1463 2819 1528 salutares

432 1564 877 1648 uberrimique
940 1584 1093 1628 suae
1145 1562 1465 1651 passionis
1521 1563 1774 1628 fructus
1819 1562 1890 1627 in
1933 1561 2230 1628 homines
2275 1583 2540 1650 semper
2583 1564 2821 1628 redun-

432 1663 683 1730 darent.
764 1661 839 1730 Si
884 1663 1147 1748 quidem
1190 1662 1534 1730 incruento
1579 1662 1820 1728 Missae
1865 1661 2203 1747 sacrificio,
2247 1663 2424 1748 quod
2469 1664 2818 1752 conspicuo

434 1761 865 1832 Sacerdotum
908 1763 1271 1830 ministerio
1309 1761 1668 1852 peragitur,
1707 1762 1820 1827 illa
1846 1762 1990 1850 ipsa
2015 1761 2270 1828 vivifica
2295 1762 2518 1829 litatur
2542 1764 2816 1847 victima,

436 1885 599 1950 quae
626 1864 773 1930 Deo
806 1863 986 1930 Patri
1028 1885 1149 1928 nos
1190 1863 1652 1949 reconciliavit,
1693 1883 1988 1948 quaeque
2031 1885 2290 1928 omnem
2321 1863 2646 1948 merendi,
2687 1865 2817 1953 pla-

436 1964 649 2049 candi,
694 1963 1089 2051 impetrandi
1128 1987 1205 2029 ac
1248 1963 1692 2030 satisfaciendi
1733 1963 1868 2028 vim
1909 1963 2156 2031 habens
2197 1963 2378 2028 illam
2418 1964 2610 2032 nobis
2653 1987 2814 2030 mor-

432 2075 568 2130 tem
615 2063 963 2151 Unigeniti
1020 2085 1143 2152 per
1198 2063 1584 2149 mysterium
1643 2073 1938 2152 reparat,
2005 2063 2115 2148 qui
2176 2063 2330 2128 licet
2385 2084 2740 2150 resurgens
2781 2087 2814 2128 a

438 2165 707 2232 mortuis
756 2166 891 2251 jam
940 2185 1073 2231 non
1132 2163 1406 2228 moritur
1422 2213 1443 2246 ,
1509 2174 1573 2229 et
1631 2186 1806 2230 mors
1870 2163 1930 2228 ei
1983 2163 2156 2229 ultra
2193 2184 2328 2230 non
2372 2162 2816 2247 dominabitur,

437 2275 658 2332 tamen
721 2265 789 2330 in
846 2263 1197 2352 semetipso
1248 2263 1704 2330 immortaliter
1743 2274 1935 2348 atque
1977 2262 2558 2352 incorruptibiliter
2601 2263 2816 2329 vivens

438 2388 559 2455 pro
625 2365 811 2432 nobis
874 2365 1112 2432 iterum
1170 2363 1239 2430 in
1298 2364 1432 2430 hoc
1482 2364 1794 2451 mysterio
1857 2385 2076 2430 sacrae
2139 2363 2482 2429 oblationis
2537 2364 2816 2430 immola·

440 2475 548 2532 tur
572 2465 644 2548 ¹).
730 2465 995 2550 „Atque
1051 2465 1215 2532 haec
1270 2476 1371 2531 est
1426 2465 1667 2530 munda
1705 2463 1822 2530 illa
1863 2464 2102 2533 oblatio
2121 2517 2140 2551 ‚
2207 2487 2400 2550 quam
2442 2465 2626 2530 nulla
2669 2465 2816 2530 offe-

436 2565 721 2632 rentium
759 2565 1114 2652 indignitas
1158 2587 1235 2628 ac
1274 2564 1520 2630 malitia
1555 2563 1896 2648 inquinare
1931 2585 2221 2649 unquam
2264 2573 2500 2654 potest,
2541 2575 2606 2630 et
2635 2587 2813 2651 quam

439 2664 760 2732 Dominus
824 2685 945 2752 per
988 2663 1371 2730 Malachiam
1435 2664 1698 2729 nomine
1743 2685 1860 2729 suo
1880 2715 1901 2749 ,
1965 2664 2142 2748 quod
2185 2687 2496 2751 magnum
2540 2667 2816 2731 futurum

445 2774 619 2830 esset
672 2765 741 2830 in
780 2764 1122 2852 gentibus,
1187 2787 1225 2828 a
1269 2763 1424 2830 solis
1468 2772 1617 2830 ortu
1659 2785 1865 2849 usque
1905 2764 1988 2829 ad
2027 2786 2323 2830 occasum
2361 2764 2431 2829 in
2469 2766 2642 2830 omni
2679 2765 2812 2831 loco

445 2863 751 2929 mundam
794 2864 1195 2930 offerendam
1236 2885 1379 2929 esse
1420 2863 1750 2952 praedixit
1769 2863 1845 2948 2).
1911 2865 2098 2947 Quae
2139 2864 2404 2949 quidem
2453 2864 2690 2930 oblatio
2729 2864 2812 2930 in-

444 2962 685 3028 effabili
746 2985 1013 3049 prorsus
1072 2965 1395 3029 fruetuum
1457 2964 1754 3030 ubertate
1817 2964 2192 3032 redundans
2257 2975 2670 3053 praesentem
2719 2985 2810 3030 ae·

444 3083 570 3148 que
626 3085 702 3127 ac
759 3063 1041 3128 futuram
1092 3064 1293 3129 vitam
1352 3062 1822 3151 complectitur.
1911 3063 2008 3130 Ea
2066 3064 2239 3130 enim
2304 3063 2631 3130 oblatione
2689 3065 2808 3154 pla—

444 3173 627 3230 catus
696 3162 880 3228 Deus
943 3161 1221 3250 gratiam
1289 3162 1662 3248 donumque
1726 3163 2166 3252 poenitentiae
2235 3163 2633 3248 concedens,
2703 3163 2807 3230 cri·

442 3266 616 3329 mina
658 3274 724 3329 et
769 3273 1035 3352 peccata
1079 3263 1273 3328 etiam
1314 3262 1610 3348 ingentia
1651 3263 1938 3348 dimittit,
1981 3287 2056 3328 ac
2095 3264 2252 3330 licet
2278 3265 2562 3352 peccatis
2594 3266 2806 3332 nostris

444 3364 734 3452 graviter
775 3363 1061 3430 offensus
1109 3365 1189 3432 ab
1228 3363 1327 3428 ira
1370 3363 1455 3427 ad
1497 3361 2038 3447 misericordiam,
2097 3387 2135 3428 a
2175 3364 2382 3430 iustae
2425 3364 2805 3432 animadver-

444 3463 641 3530 sionis
680 3463 1027 3532 severitate
1062 3464 1145 3528 ad
1186 3462 1600 3528 clementiam
1633 3461 2020 3546 traducitur3
2071 3485 2148 3528 ea
2183 3465 2638 3552 temporalium
2673 3487 2806 3554 poe·

444 3587 677 3631 narum
714 3573 931 3630 reatus
972 3572 1037 3628 et
1076 3562 1385 3648 obligatio
1429 3561 1838 3646 dissolvitur3
1885 3585 1962 3628 ea
1987 3564 2442 3630 defunctorum
2471 3564 2544 3632 in
2573 3564 2806 3632 Christo

440 3665 689 3730 animae
728 3663 1021 3729 nondum
1060 3664 1142 3729 sd
1184 3661 1453 3750 plenum
1500 3671 1815 3750 purgatae
1853 3662 2304 3746 sublevantur3
2352 3685 2430 3730 ea
2457 3665 2802 3732 obtinentur

446 3787 704 3852 quoque
747 3763 1127 3853 temporalia
1174 3765 1378 3845 bona,
1436 3762 1492 3828 si
1536 3771 1756 3828 tamen
1793 3763 2152 3850 potioribus
2195 3787 2329 3832 non
2371 3764 2687 3848 officiant3
2743 3789 2804 3832 ea

444 3863 743 3949 Sanctis,
808 3873 875 3929 et
927 3864 996 3928 in
1038 3862 1263 3952 primis
1309 3862 1769 3928 Immaculatae
1811 3862 2406 3950 Sanctissimaeque
2449 3864 2584 3930 Dei
2629 3865 2802 3936 Geni-

446 3965 589 4031 trici
630 3964 895 4052 Virgini
934 3963 1174 4030 Mariae
1220 3961 1500 4028 eximius
1545 3961 1807 4046 quidam
1849 3963 2100 4048 honor,
2147 3965 2488 4050 cultumque
2535 3966 2800 4032 concilia·

441 4074 566 4132 tur.
630 4064 949 4148 Quocirca
999 4086 1087 4128 ex
1124 4061 1600 4150 Apostolorum
1640 4063 1986 4128 traditione
2029 4063 2322 4131 divinum
2363 4065 2604 4131 Missae
2643 4066 2802 4132 sacri-

440 4161 657 4229 ficium
718 4163 1093 4230 offerimus“
1151 4186 1273 4252 pro
1333 4162 1656 4230 communi
1699 4162 2138 4230 Ecclesiamm
2196 4186 2358 4253 pace
2377 4213 2398 4248 ,
2467 4189 2590 4254 pro
2650 4177 2802 4234 recta

580 4409 635 4472 1)
674 4408 727 4461 S.
766 4407 996 4476 Gregor.
1035 4407 1110 4460 M.
1148 4408 1368 4480 Dialog.
1405 4409 1503 4464 lib.
1539 4410 1592 4465 4.
1627 4425 1750 4480 cap.
1789 4411 1875 4466 58.

578 4491 633 4556 2)
664 4489 899 4544 Malach.
936 4507 1059 4560 cap.
1097 4495 1147 4546 1.
