2959 4984
536 249 650 302 XO.
727 247 979 302 CONST.
1017 250 1121 300 DE
1156 247 1453 302 mmous
1495 247 1899 300 MATRIMON.
1946 248 2009 298 Δ.
2047 244 2204 301 1⁷41.
2459 249 2566 306 579

154 416 293 482 nisi
328 413 692 504 Episcopis,
740 411 1131 501 praesertim
1171 411 1616 494 vicinioribus,
1659 411 1770 475 vel
1814 411 1869 476 si
1911 411 2128 478 nullus
2171 412 2255 478 sit
2291 412 2567 501 Episco-

161 540 315 604 puS,
360 516 468 581 cui
514 538 601 582 ex
637 514 935 601 legitima
973 536 1167 578 causa
1214 512 1560 578 commode
1601 511 1917 578 committi
1959 513 2186 600 possit,
2223 523 2364 580 tum
2401 538 2570 580 com*

162 615 417 697 missiO,
463 625 527 680 ct
558 615 889 700 delegatio
936 614 1257 700 dirigatur
1287 613 1399 678 uni
1430 634 1519 679 ex
1545 612 1646 697 iis,
1687 612 1819 697 qui,
1853 613 2221 679 secundum
2241 615 2570 700 ordinem,

168 724 241 780 et
282 713 552 782 modum
596 740 633 780 a
663 713 873 780 Nobis
916 713 986 778 in
1029 713 1339 800 praefatis
1380 712 1742 798 encyclicis
1779 712 2020 778 Literis
2077 715 2572 802 praescriptum,

161 839 291 906 pro
336 816 384 884 J
384 815 577 880 udice
636 814 875 880 idoneo
938 815 1019 880 ab
1062 813 1395 902 Episcopo
1458 835 1608 878 cum
1674 812 1942 879 consilio
1985 814 2086 878 sui
2131 811 2418 902 Capituli
2459 839 2574 882 no—

166 917 455 982 minatus
500 914 717 980 fuerit.

346 1049 405 1128 ξ.
448 1047 509 1112 5.
594 1045 789 1129 Quod
830 1065 987 1110 vero
1024 1044 1107 1108 ad
1138 1045 1455 1127 ordinem,
1503 1052 1569 1108 et
1594 1045 1830 1108 seriem
1847 1044 2244 1130 judiciorum
2267 1047 2336 1114 in
2366 1049 2578 1114 causis

173 1145 755 1212 matrimonialibus
798 1168 919 1234 pro
968 1144 1205 1229 debita,
1251 1154 1317 1208 et
1360 1165 1648 1228 congrua
1693 1165 1911 1208 earum
1943 1144 2416 1229 terminatione,
2447 1169 2577 1213 ser-

178 1247 467 1312 vandum
513 1254 795 1334 spectat3
859 1251 1040 1311 motu
1080 1244 1381 1332 proprie,
1433 1253 1613 1309 certa
1656 1245 1960 1327 scientia,
2007 1269 2082 1310 ac
2121 1255 2372 1312 matura
2417 1247 2577 1312 deli-

175 1347 515 1410 beratione
556 1345 813 1424 Nostris
872 1345 1083 1430 deque
1126 1345 1550 1432 Apostolieae
1612 1344 1948 1433 potestatis
2000 1345 2408 1434 plenitudine
2457 1347 2582 1414 hac

178 1445 424 1511 Nostra
484 1446 553 1510 in
594 1453 988 1535 perpetuum
1030 1445 1309 1509 valitura
1354 1444 1687 1510 sanctione
1733 1447 2222 1529 constituimuS,
2263 1448 2581 1514 ‘decerni-

177 1567 347 1628 mus,
392 1569 465 1611 ac
500 1547 829 1631 jubemuS,
872 1556 945 1610 ut
986 1547 1065 1610 ab
1099 1546 1418 1628 omnibuS,
1462 1555 1529 1610 et
1561 1545 1834 1631 singulis
1862 1545 2185 1612 Locorum
2215 1547 2584 1614 Ordinariis

174 1646 249 1710 in
310 1644 441 1710 suis
500 1647 868 1735 respective
914 1645 1343 1712 Dioecesibus
1396 1667 1674 1734 persona
1729 1646 1944 1731 aliqua
1988 1646 2228 1712 idonea
2278 1648 2579 1735 eligatur,

178 1755 247 1810 et
288 1744 342 1810 si
389 1745 531 1810 fieri
574 1755 820 1834 potest,
876 1767 961 1811 ex
1001 1745 1461 1813 Ecclesiastico
1505 1754 1726 1829 coetu,
1777 1748 1947 1832 juris
1994 1747 2296 1831 scientia,
2339 1749 2586 1837 pariter

182 1853 255 1910 et
313 1845 483 1909 vitae
525 1847 845 1934 probitate
888 1847 1217 1934 praedita,
1280 1866 1446 1930 quae
1489 1845 2050 1912 Matrimoniorum
2095 1847 2426 1914 Defensor
2468 1871 2582 1914 no-

182 1945 554 2028 minabitur,
600 1969 746 2011 cum
788 1946 1093 2012 facultate
1118 1956 1337 2012 tamen
1366 1967 1508 2010 eam
1541 1945 2003 2034 suspendendi,
2023 2030 2026 2032 v
2047 1949 2158 2012 vel
2177 1948 2580 2034 removendi,

186 2047 241 2110 si
282 2047 459 2131 justa
504 2065 696 2111 causa
737 2046 1039 2129 adfuerit,
1085 2056 1151 2111 et
1192 2045 1628 2111 substituendi
1670 2047 1864 2112 aliam
1907 2069 2114 2132 aeque
2154 2049 2475 2132 idoneam,
2523 2059 2589 2114 et

186 2145 425 2210 iisdem
469 2147 882 2230 qualitatibus
926 2157 1255 2228 ornatam3
1334 2145 1508 2230 quod
1556 2147 1748 2210 etiam
1791 2147 1934 2211 fieri
1980 2148 2256 2234 poterit,
2305 2147 2585 2232 quoties-

189 2267 469 2330 cumque
514 2267 795 2334 persona
834 2246 917 2311 ad
956 2245 1518 2311 Matrimoniorum
1559 2245 2006 2311 defensionem
2059 2247 2397 2333 destinata,
2439 2273 2588 2314 cum

185 2367 259 2410 se
306 2347 553 2412 occasio
598 2346 837 2433 agendi
883 2344 1212 2430 obtulerit,
1262 2347 1389 2412 erit
1425 2346 1720 2433 legitime
1764 2345 2099 2434 impedita.

355 2480 413 2562 ξ.
462 2483 520 2546 6.
608 2481 721 2546 Ad
766 2481 1051 2546 officium
1089 2490 1304 2546 autem
1342 2480 1728 2547 Defensoris
1755 2479 2320 2548 Matrimoniorum
2361 2483 2584 2570 hujus-

184 2581 388 2664 modi,
428 2591 503 2646 ut
546 2604 741 2668 supra
785 2580 997 2664 electi,
1038 2579 1373 2669 spectabit,
1412 2579 1482 2645 in
1515 2571 1836 2665 judicium
1863 2579 2126 2666 venire,
2151 2583 2583 2666 quotiescum-

186 2703 316 2766 que
360 2681 729 2768 contigerit,
774 2681 1278 2746 matrimoniales
1326 2704 1548 2745 causas
1599 2702 1796 2768 super
1837 2679 2194 2764 validitate,
2243 2682 2354 2748 vel
2395 2683 2585 2748 nulli-

184 2789 317 2845 tate
360 2805 577 2855 coram
616 2781 911 2868 legitimo
939 2779 1187 2862 ,Iudice⁴
1220 2780 1587 2869 disceptari,
1637 2781 2272 2868 eumque'oportebit
2313 2781 2384 2849 in
2426 2805 2586 2868 quo-

185 2880 350 2946 libet
384 2890 531 2970 actu
565 2881 859 2966 judiciali
898 2881 1101 2964 citari,
1146 2879 1377 2946 adesse
1423 2880 1707 2945 examini
1749 2881 2056 2964 testium,
2082 2903 2245 2946 voce
2288 2890 2354 2946 et
2386 2883 2586 2972 scrip-

188 2980 272 3044 tis
317 2980 711 3045 Matrimonii
755 2980 1154 3047 validitatem
1196 2981 1365 3044 tueri
1386 3031 1407 3066 ,
1443 2993 1678 3064 'eaque
1725 2981 1944 3045 omnia
1993 2980 2354 3066 deducere,
2421 3003 2586 3068 quae

186 3079 273 3144 ad
314 3077 800 3144 Matrimonium
845 3079 1298 3145 sustinendum
1345 3079 1710 3144 necessaria
1756 3081 2066 3144 censebit.

356 3214 416 3294 ξ,
462 3215 521 3278 7.
604 3212 691 3278 Et
740 3212 1006 3278 demum
1044 3213 1433 3281 Defensoris
1472 3211 1851 3298 hujusmodi
1891 3233 2209 3299 persona,
2278 3223 2586 3298 tanquam

201 3313 371 3378 Pars.
406 3313 767 3379 necessaria
789 3361 811 3396 ,
847 3311 934 3379 *ad
970 3312 1201 3396 judicii
1236 3311 1680 3396 validitatem,
1723 3321 1790 3376 et
1833 3305 2276 3398 integritatem
2319 3333 2585 3380 censea—

188 3423 331 3496 tur,
388 3433 781 3500 semperque
819 3411 987 3476 adsit
1032 3413 1101 3478 in
1141 3411 1405 3478 Judioio
1456 3411 1594 3476 sive
1635 3435 1804 3478 unus
1849 3434 1936 3477 ex
1983 3411 2390 3499 Conjugibus
2407 3463 2426 3496 ,
2475 3414 2584 3496 qui

191 3535 315 3598 pro
358 3510 654 3578 nullitate
686 3511 1102 3594 Matrimonii,
1145 3511 1302 3598 agit,
1345 3511 1481 3576 sive
1523 3513 1736 3595 ambe,
1781 3533 2058 3596 quorum
2095 3513 2260 3580 alter
2301 3535 2420 3600 pro
2445 3513 2588 3580 nul-

188 3614 370 3679 litate
388 3665 408 3698 ,
474 3615 638 3680 alter
682 3637 841 3680 vero
886 3638 1007 3702 pro
1056 3615 1389 3682 validitate
1430 3615 1500 3680 in
1533 3614 1850 3700 judicium
1887 3616 2172 3682 veniant.
2251 3616 2588 3684 Defensor

189 3725 427 3796 autem,
476 3737 623 3780 cum
668 3715 731 3779 ei
771 3737 1001 3781 munus
1043 3714 1418 3806 hujusmodi
1458 3715 1915 3799 committetur,
1941 3715 2586 3806 juramentum-prae-

190 3814 391 3880 stabit
424 3815 713 3882 fideliter
756 3815 1043 3882 officium
1088 3837 1276 3883 suum
1322 3814 1639 3899 obeundi,
1705 3823 1772 3880 et
1813 3814 2346 3900 quotiescumque
2389 3816 2588 3882 conti-

190 3915 366 4002 gerit
384 3966 403 3999 ,
444 3926 517 3980 ut
558 3917 629 3980 in
662 3915 911 4001 judicio
956 3915 1187 3983 adesse
1232 3915 1469 3982 debeat
1517 3939 1636 4004 pro
1681 3916 1956 4001 alicujus
1995 3914 2393 3982 Matrimonii
2431 3915 2590 3982 vali-

192 4017 395 4082 ditate
439 4016 701 4101 tuenda,
745 4037 969 4082 rursus
1012 4015 1193 4082 idem
1224 4017 1668 4100 juramentum
1711 4017 2086 4105 praebebit:
2147 4035 2590 4100 quaecumque

189 4139 351 4184 vero
370 4167 391 4200 ,
452 4139 531 4181 eo
588 4139 721 4182 non
784 4115 1079 4202 legitime
1124 4115 1321 4182 citato
1369 4125 1486 4184 >aut
1524 4117 1816 4185 intimato
1833 4165 1853 4200 ,
1928 4115 2000 4182 in
2033 4115 2282 4202 judicio
2325 4123 2590 4202 peracta

188 4217 460 4300 fuerint,
498 4217 697 4300 nulla,
738 4215 943 4299 irrita,
986 4239 1165 4282 cassa
1208 4215 1612 4284 declaramus
1627 4266 1650 4300 ,
1683 4240 1760 4284 ac
1801 4239 1920 4306 pro
1967 4216 2204 4299 nullis,
2252 4215 2467 4296 cassis,
2511 4238 2588 4279 ac

186 4317 391 4387 irritis
432 4318 661 4384 haberi
704 4317 1023 4397 volumus,
1062 4316 1361 4402 perinde,
1405 4339 1486 4382 ac
1525 4317 1582 4382 si
1623 4317 1834 4400 citata,
1879 4326 1946 4383 et
1987 4317 2275 4382 intimata
2317 4331 2450 4375 non
2489 4329 2588 4372 es-

188 4428 295 4484 set
340 4439 417 4482 ea
462 4417 625 4484 Pars
648 4467 669 4502 ,
726 4418 914 4503 cujus
964 4415 1152 4483 citari
1210 4415 1546 4499 intererat,
1585 4425 1654 4482 et
1695 4439 1922 4502 quam,
1969 4417 2164 4501 juxta
2199 4415 2426 4499 legum
2438 4459 2462 4494 ,
2527 4419 2592 4475 et
