<?xml version="1.0" encoding="UTF-8"?>
<!DOCTYPE html PUBLIC "-//W3C//DTD XHTML 1.0 Transitional//EN"
    "http://www.w3.org/TR/xhtml1/DTD/xhtml1-transitional.dtd">
<html xmlns="http://www.w3.org/1999/xhtml" xml:lang="en" lang="en">
 <head>
  <title>
</title>
<meta http-equiv="Content-Type" content="text/html;charset=utf-8" />
  <meta name='ocr-system' content='tesseract 3.04.00' />
  <meta name='ocr-capabilities' content='ocr_page ocr_carea ocr_par ocr_line ocrx_word'/>
</head>
<body>
  <div class='ocr_page' id='page_1' title='image "./fontesiuriseccl00waltgoog_0127.png"; bbox 0 0 2959 4984; ppageno 0'>
   <div class='ocr_carea' id='block_1_1' title="bbox 404 323 2506 380">
    <p class='ocr_par' dir='ltr' id='par_1_1' title="bbox 404 323 2506 380">
     <span class='ocr_line' id='line_1_1' title="bbox 404 323 2506 380; baseline 0.001 -4"><span class='ocrx_word' id='word_1_1' title='bbox 404 325 597 377; x_wconf 76' lang='lat' dir='ltr'><strong>xvnl.</strong></span> <span class='ocrx_word' id='word_1_2' title='bbox 674 325 983 379; x_wconf 78' lang='lat' dir='ltr'>EUGENII</span> <span class='ocrx_word' id='word_1_3' title='bbox 1019 326 1113 376; x_wconf 84' lang='lat' dir='ltr'><strong>IV.</strong></span> <span class='ocrx_word' id='word_1_4' title='bbox 1150 325 1395 380; x_wconf 81' lang='lat' dir='ltr'><strong>BULLA</strong></span> <span class='ocrx_word' id='word_1_5' title='bbox 1442 327 1566 378; x_wconf 82' lang='lat' dir='ltr'><strong>DIE</strong></span> <span class='ocrx_word' id='word_1_6' title='bbox 1607 325 1720 378; x_wconf 81' lang='lat' dir='ltr'><strong>vn.</strong></span> <span class='ocrx_word' id='word_1_7' title='bbox 1763 323 1962 376; x_wconf 81' lang='lat' dir='ltr'><strong>FEBR.</strong></span> <span class='ocrx_word' id='word_1_8' title='bbox 2003 325 2067 375; x_wconf 79' lang='lat' dir='ltr'><strong>A.</strong></span> <span class='ocrx_word' id='word_1_9' title='bbox 2105 324 2260 380; x_wconf 86' lang='lat'>1447.</span> <span class='ocrx_word' id='word_1_10' title='bbox 2402 325 2506 379; x_wconf 77' lang='lat'><strong>107</strong></span> 
     </span>
    </p>
   </div>
   <div class='ocr_carea' id='block_1_2' title="bbox 98 494 2548 4590">
    <p class='ocr_par' dir='ltr' id='par_1_2' title="bbox 98 494 2548 4590">
     <span class='ocr_line' id='line_1_2' title="bbox 104 494 2508 582; baseline 0 -23"><span class='ocrx_word' id='word_1_11' title='bbox 104 516 215 582; x_wconf 91' lang='lat' dir='ltr'><strong>pro</strong></span> <span class='ocrx_word' id='word_1_12' title='bbox 268 495 463 560; x_wconf 89' lang='lat' dir='ltr'><strong>nobis</strong></span> <span class='ocrx_word' id='word_1_13' title='bbox 532 503 641 559; x_wconf 92' lang='lat' dir='ltr'><strong>aut</strong></span> <span class='ocrx_word' id='word_1_14' title='bbox 686 494 901 560; x_wconf 90' lang='lat' dir='ltr'><strong>eidem</strong></span> <span class='ocrx_word' id='word_1_15' title='bbox 951 494 1361 559; x_wconf 82' lang='lat' dir='ltr'>declarationi</span> <span class='ocrx_word' id='word_1_16' title='bbox 1404 494 1779 559; x_wconf 89' lang='lat' dir='ltr'><strong>adheserint</strong></span> <span class='ocrx_word' id='word_1_17' title='bbox 1819 515 2138 560; x_wconf 79' lang='lat' dir='ltr'><strong>cassamus</strong></span> <span class='ocrx_word' id='word_1_18' title='bbox 2184 494 2508 560; x_wconf 85' lang='lat' dir='ltr'><strong>irritamus</strong></span> 
     </span>
     <span class='ocr_line' id='line_1_3' title="bbox 107 595 2506 680; baseline 0 -20"><span class='ocrx_word' id='word_1_19' title='bbox 107 605 167 660; x_wconf 89' lang='lat' dir='ltr'><strong>et</strong></span> <span class='ocrx_word' id='word_1_20' title='bbox 229 595 599 660; x_wconf 87' lang='lat' dir='ltr'><strong>anullamus</strong></span> <span class='ocrx_word' id='word_1_21' title='bbox 661 595 1032 680; x_wconf 83' lang='lat' dir='ltr'><strong>nulliusque</strong></span> <span class='ocrx_word' id='word_1_22' title='bbox 1090 617 1232 660; x_wconf 90' lang='lat' dir='ltr'><strong>esse</strong></span> <span class='ocrx_word' id='word_1_23' title='bbox 1277 595 1685 660; x_wconf 85' lang='lat' dir='ltr'><strong>decernimus</strong></span> <span class='ocrx_word' id='word_1_24' title='bbox 1734 595 1986 660; x_wconf 90' lang='lat' dir='ltr'><strong>roboris</strong></span> <span class='ocrx_word' id='word_1_25' title='bbox 2025 595 2137 660; x_wconf 88' lang='lat' dir='ltr'><strong>vel</strong></span> <span class='ocrx_word' id='word_1_26' title='bbox 2175 595 2506 678; x_wconf 83' lang='lat' dir='ltr'><strong>momenti,</strong></span> 
     </span>
     <span class='ocr_line' id='line_1_4' title="bbox 108 695 2506 784; baseline 0 -24"><span class='ocrx_word' id='word_1_27' title='bbox 108 717 365 762; x_wconf 91' lang='lat' dir='ltr'><strong>omnem</strong></span> <span class='ocrx_word' id='word_1_28' title='bbox 428 695 927 782; x_wconf 83' lang='lat' dir='ltr'><strong>irregularitatis</strong></span> <span class='ocrx_word' id='word_1_29' title='bbox 988 704 1055 759; x_wconf 92' lang='lat' dir='ltr'><strong>et</strong></span> <span class='ocrx_word' id='word_1_30' title='bbox 1107 696 1367 760; x_wconf 86' lang='lat' dir='ltr'><strong>infamie</strong></span> <span class='ocrx_word' id='word_1_31' title='bbox 1426 696 1742 760; x_wconf 78' lang='lat' dir='ltr'><strong>maculam</strong></span> <span class='ocrx_word' id='word_1_32' title='bbox 1783 696 1920 759; x_wconf 86' lang='lat' dir='ltr'><strong>sive</strong></span> <span class='ocrx_word' id='word_1_33' title='bbox 1965 704 2184 760; x_wconf 90' lang='lat' dir='ltr'><strong>notam</strong></span> <span class='ocrx_word' id='word_1_34' title='bbox 2228 717 2348 784; x_wconf 91' lang='lat' dir='ltr'><strong>per</strong></span> <span class='ocrx_word' id='word_1_35' title='bbox 2393 717 2506 760; x_wconf 90' lang='lat' dir='ltr'><strong>eos</strong></span> 
     </span>
     <span class='ocr_line' id='line_1_5' title="bbox 103 794 2504 885; baseline -0.001 -25"><span class='ocrx_word' id='word_1_36' title='bbox 103 796 571 885; x_wconf 84' lang='lat' dir='ltr'><strong>premissorum</strong></span> <span class='ocrx_word' id='word_1_37' title='bbox 616 795 953 861; x_wconf 83' lang='lat' dir='ltr'><strong>occasione</strong></span> <span class='ocrx_word' id='word_1_38' title='bbox 997 804 1384 860; x_wconf 86' lang='lat' dir='ltr'><strong>contractam</strong></span> <span class='ocrx_word' id='word_1_39' title='bbox 1426 795 1684 882; x_wconf 89' lang='lat' dir='ltr'><strong>penitus</strong></span> <span class='ocrx_word' id='word_1_40' title='bbox 1727 794 2083 878; x_wconf 88' lang='lat' dir='ltr'><strong>abolentes,</strong></span> <span class='ocrx_word' id='word_1_41' title='bbox 2131 819 2206 860; x_wconf 87' lang='lat' dir='ltr'><strong>ac</strong></span> <span class='ocrx_word' id='word_1_42' title='bbox 2251 817 2360 861; x_wconf 88' lang='lat' dir='ltr'><strong>eos</strong></span> <span class='ocrx_word' id='word_1_43' title='bbox 2401 815 2504 859; x_wconf 87' lang='lat' dir='ltr'><strong>re-</strong></span> 
     </span>
     <span class='ocr_line' id='line_1_6' title="bbox 102 894 2510 961; baseline 0 -2"><span class='ocrx_word' id='word_1_44' title='bbox 102 896 515 961; x_wconf 87' lang='lat' dir='ltr'><strong>habilitantes</strong></span> <span class='ocrx_word' id='word_1_45' title='bbox 574 905 639 960; x_wconf 89' lang='lat' dir='ltr'><strong>et</strong></span> <span class='ocrx_word' id='word_1_46' title='bbox 700 896 1121 960; x_wconf 79' lang='lat' dir='ltr'><strong>restituentes</strong></span> <span class='ocrx_word' id='word_1_47' title='bbox 1182 894 1263 958; x_wconf 88' lang='lat' dir='ltr'><strong>ad</strong></span> <span class='ocrx_word' id='word_1_48' title='bbox 1326 917 1552 960; x_wconf 88' lang='lat' dir='ltr'><strong>eorum</strong></span> <span class='ocrx_word' id='word_1_49' title='bbox 1613 895 1916 959; x_wconf 88' lang='lat' dir='ltr'><strong>ecclesias</strong></span> <span class='ocrx_word' id='word_1_50' title='bbox 1960 896 2266 961; x_wconf 90' lang='lat' dir='ltr'><strong>benefitia</strong></span> <span class='ocrx_word' id='word_1_51' title='bbox 2309 895 2510 961; x_wconf 88' lang='lat' dir='ltr'><strong>offitia</strong></span> 
     </span>
     <span class='ocr_line' id='line_1_7' title="bbox 107 995 2508 1111; baseline 0.001 -52"><span class='ocrx_word' id='word_1_52' title='bbox 107 995 457 1111; x_wconf 85' lang='lat' dir='ltr'><strong>dignitates</strong></span> <span class='ocrx_word' id='word_1_53' title='bbox 502 1006 569 1060; x_wconf 91' lang='lat' dir='ltr'><strong>et</strong></span> <span class='ocrx_word' id='word_1_54' title='bbox 604 998 890 1062; x_wconf 89' lang='lat' dir='ltr'><strong>honores</strong></span> <span class='ocrx_word' id='word_1_55' title='bbox 942 1007 1325 1082; x_wconf 79' lang='lat' dir='ltr'><strong>quecunque</strong></span> <span class='ocrx_word' id='word_1_56' title='bbox 1365 1021 1439 1061; x_wconf 90' lang='lat' dir='ltr'><strong>ac</strong></span> <span class='ocrx_word' id='word_1_57' title='bbox 1477 998 1547 1061; x_wconf 90' lang='lat' dir='ltr'><strong>in</strong></span> <span class='ocrx_word' id='word_1_58' title='bbox 1587 997 1928 1085; x_wconf 85' lang='lat' dir='ltr'><strong>pristinum</strong></span> <span class='ocrx_word' id='word_1_59' title='bbox 1971 1005 2204 1062; x_wconf 86' lang='lat' dir='ltr'><strong>statum</strong></span> <span class='ocrx_word' id='word_1_60' title='bbox 2239 1007 2318 1061; x_wconf 90' lang='lat' dir='ltr'><strong>et</strong></span> <span class='ocrx_word' id='word_1_61' title='bbox 2359 1018 2508 1062; x_wconf 89' lang='lat' dir='ltr'><strong>eum</strong></span> 
     </span>
     <span class='ocr_line' id='line_1_8' title="bbox 102 1096 2505 1187; baseline 0.001 -27"><span class='ocrx_word' id='word_1_62' title='bbox 102 1096 165 1160; x_wconf 91' lang='lat' dir='ltr'><strong>in</strong></span> <span class='ocrx_word' id='word_1_63' title='bbox 208 1119 341 1182; x_wconf 90' lang='lat' dir='ltr'><strong>quo</strong></span> <span class='ocrx_word' id='word_1_64' title='bbox 395 1106 581 1162; x_wconf 89' lang='lat' dir='ltr'><strong>erant</strong></span> <span class='ocrx_word' id='word_1_65' title='bbox 620 1108 767 1162; x_wconf 89' lang='lat' dir='ltr'><strong>ante</strong></span> <span class='ocrx_word' id='word_1_66' title='bbox 809 1099 1127 1186; x_wconf 77' lang='lat' dir='ltr'><strong>premissa</strong></span> <span class='ocrx_word' id='word_1_67' title='bbox 1168 1108 1598 1187; x_wconf 77' lang='lat' dir='ltr'><strong>reponenteS,</strong></span> <span class='ocrx_word' id='word_1_68' title='bbox 1663 1097 1810 1164; x_wconf 88' lang='lat' dir='ltr'><strong>Nec</strong></span> <span class='ocrx_word' id='word_1_69' title='bbox 1854 1121 1986 1162; x_wconf 91' lang='lat' dir='ltr'><strong>non</strong></span> <span class='ocrx_word' id='word_1_70' title='bbox 2027 1098 2158 1162; x_wconf 89' lang='lat' dir='ltr'><strong>illis</strong></span> <span class='ocrx_word' id='word_1_71' title='bbox 2203 1098 2312 1182; x_wconf 90' lang='lat' dir='ltr'><strong>qui</strong></span> <span class='ocrx_word' id='word_1_72' title='bbox 2359 1118 2505 1162; x_wconf 89' lang='lat' dir='ltr'><strong>con-</strong></span> 
     </span>
     <span class='ocr_line' id='line_1_9' title="bbox 104 1197 2505 1286; baseline 0 -26"><span class='ocrx_word' id='word_1_73' title='bbox 104 1207 194 1260; x_wconf 89' lang='lat' dir='ltr'><strong>tra</strong></span> <span class='ocrx_word' id='word_1_74' title='bbox 246 1197 437 1285; x_wconf 90' lang='lat' dir='ltr'><strong>ipsos</strong></span> <span class='ocrx_word' id='word_1_75' title='bbox 484 1199 842 1286; x_wconf 88' lang='lat' dir='ltr'><strong>impetratis</strong></span> <span class='ocrx_word' id='word_1_76' title='bbox 893 1199 1213 1263; x_wconf 87' lang='lat' dir='ltr'><strong>concessis</strong></span> <span class='ocrx_word' id='word_1_77' title='bbox 1256 1199 1364 1262; x_wconf 88' lang='lat' dir='ltr'><strong>vel</strong></span> <span class='ocrx_word' id='word_1_78' title='bbox 1409 1198 1688 1264; x_wconf 91' lang='lat' dir='ltr'><strong>obtentis</strong></span> <span class='ocrx_word' id='word_1_79' title='bbox 1735 1221 1852 1263; x_wconf 89' lang='lat' dir='ltr'><strong>seu</strong></span> <span class='ocrx_word' id='word_1_80' title='bbox 1891 1197 2313 1286; x_wconf 85' lang='lat' dir='ltr'><strong>impetrandis</strong></span> <span class='ocrx_word' id='word_1_81' title='bbox 2359 1219 2505 1262; x_wconf 88' lang='lat' dir='ltr'><strong>con-</strong></span> 
     </span>
     <span class='ocr_line' id='line_1_10' title="bbox 103 1296 2512 1382; baseline -0 -22"><span class='ocrx_word' id='word_1_82' title='bbox 103 1296 413 1362; x_wconf 86' lang='lat' dir='ltr'><strong>cedendis</strong></span> <span class='ocrx_word' id='word_1_83' title='bbox 464 1308 529 1362; x_wconf 89' lang='lat' dir='ltr'><strong>et</strong></span> <span class='ocrx_word' id='word_1_84' title='bbox 574 1297 941 1364; x_wconf 83' lang='lat' dir='ltr'><strong>obtinendis</strong></span> <span class='ocrx_word' id='word_1_85' title='bbox 989 1298 1478 1382; x_wconf 85' lang='lat' dir='ltr'><strong>quomodolibet</strong></span> <span class='ocrx_word' id='word_1_86' title='bbox 1522 1297 1916 1381; x_wconf 84' lang='lat' dir='ltr'><strong>niterentur,</strong></span> <span class='ocrx_word' id='word_1_87' title='bbox 1962 1298 2220 1363; x_wconf 90' lang='lat' dir='ltr'><strong>eciamsi</strong></span> <span class='ocrx_word' id='word_1_88' title='bbox 2265 1296 2358 1362; x_wconf 87' lang='lat' dir='ltr'><strong>eis</strong></span> <span class='ocrx_word' id='word_1_89' title='bbox 2403 1305 2512 1360; x_wconf 88' lang='lat' dir='ltr'><strong>aut</strong></span> 
     </span>
     <span class='ocr_line' id='line_1_11' title="bbox 103 1396 2548 1487; baseline 0 -26"><span class='ocrx_word' id='word_1_90' title='bbox 103 1420 321 1462; x_wconf 90' lang='lat' dir='ltr'><strong>eorum</strong></span> <span class='ocrx_word' id='word_1_91' title='bbox 386 1399 580 1463; x_wconf 89' lang='lat' dir='ltr'><strong>alicui</strong></span> <span class='ocrx_word' id='word_1_92' title='bbox 640 1399 740 1463; x_wconf 90' lang='lat' dir='ltr'><strong>ius</strong></span> <span class='ocrx_word' id='word_1_93' title='bbox 801 1399 1123 1483; x_wconf 87' lang='lat' dir='ltr'><strong>quesitum</strong></span> <span class='ocrx_word' id='word_1_94' title='bbox 1165 1399 1337 1463; x_wconf 89' lang='lat' dir='ltr'><strong>foret</strong></span> <span class='ocrx_word' id='word_1_95' title='bbox 1381 1419 1463 1462; x_wconf 84' lang='lat' dir='ltr'><strong>ex</strong></span> <span class='ocrx_word' id='word_1_96' title='bbox 1515 1406 1690 1463; x_wconf 89' lang='lat' dir='ltr'><strong>certa</strong></span> <span class='ocrx_word' id='word_1_97' title='bbox 1738 1399 2004 1464; x_wconf 87' lang='lat' dir='ltr'><strong>scientia</strong></span> <span class='ocrx_word' id='word_1_98' title='bbox 2047 1398 2129 1463; x_wconf 91' lang='lat' dir='ltr'><strong>de</strong></span> <span class='ocrx_word' id='word_1_99' title='bbox 2173 1396 2548 1487; x_wconf 86' lang='lat' dir='ltr'><strong>potestatis·</strong></span> 
     </span>
     <span class='ocr_line' id='line_1_12' title="bbox 102 1497 2507 1588; baseline 0 -28"><span class='ocrx_word' id='word_1_100' title='bbox 102 1497 513 1584; x_wconf 88' lang='lat' dir='ltr'><strong>plenitudine</strong></span> <span class='ocrx_word' id='word_1_101' title='bbox 556 1507 953 1586; x_wconf 90' lang='lat' dir='ltr'><strong>perpetuum</strong></span> <span class='ocrx_word' id='word_1_102' title='bbox 998 1498 1327 1562; x_wconf 87' lang='lat' dir='ltr'><strong>silentium</strong></span> <span class='ocrx_word' id='word_1_103' title='bbox 1366 1498 1775 1586; x_wconf 90' lang='lat' dir='ltr'><strong>imponentes</strong></span> <span class='ocrx_word' id='word_1_104' title='bbox 1788 1548 1807 1580; x_wconf 87' lang='lat'><em>,</em></span> <span class='ocrx_word' id='word_1_105' title='bbox 1871 1499 2150 1588; x_wconf 87' lang='lat' dir='ltr'><strong>Insuper</strong></span> <span class='ocrx_word' id='word_1_106' title='bbox 2195 1519 2507 1583; x_wconf 89' lang='lat' dir='ltr'><strong>quascun-</strong></span> 
     </span>
     <span class='ocr_line' id='line_1_13' title="bbox 106 1597 2508 1686; baseline 0 -26"><span class='ocrx_word' id='word_1_107' title='bbox 106 1619 221 1681; x_wconf 91' lang='lat' dir='ltr'><strong>que</strong></span> <span class='ocrx_word' id='word_1_108' title='bbox 282 1597 720 1682; x_wconf 85' lang='lat' dir='ltr'><strong>obligationes</strong></span> <span class='ocrx_word' id='word_1_109' title='bbox 782 1619 979 1686; x_wconf 89' lang='lat' dir='ltr'><strong>super</strong></span> <span class='ocrx_word' id='word_1_110' title='bbox 1026 1598 1273 1662; x_wconf 87' lang='lat' dir='ltr'><strong>annatis</strong></span> <span class='ocrx_word' id='word_1_111' title='bbox 1336 1619 1452 1662; x_wconf 88' lang='lat' dir='ltr'><strong>seu</strong></span> <span class='ocrx_word' id='word_1_112' title='bbox 1511 1597 1888 1663; x_wconf 88' lang='lat' dir='ltr'><strong>comunibus</strong></span> <span class='ocrx_word' id='word_1_113' title='bbox 1947 1608 2013 1662; x_wconf 87' lang='lat' dir='ltr'><strong>et</strong></span> <span class='ocrx_word' id='word_1_114' title='bbox 2070 1597 2330 1663; x_wconf 85' lang='lat' dir='ltr'><strong>minutis</strong></span> <span class='ocrx_word' id='word_1_115' title='bbox 2375 1619 2508 1661; x_wconf 88' lang='lat' dir='ltr'><strong>ser-</strong></span> 
     </span>
     <span class='ocr_line' id='line_1_14' title="bbox 98 1696 2504 1786; baseline 0.001 -27"><span class='ocrx_word' id='word_1_116' title='bbox 98 1697 259 1762; x_wconf 88' lang='lat' dir='ltr'><strong>vitiis</strong></span> <span class='ocrx_word' id='word_1_117' title='bbox 304 1698 674 1784; x_wconf 88' lang='lat' dir='ltr'><strong>ceterisque</strong></span> <span class='ocrx_word' id='word_1_118' title='bbox 716 1697 963 1763; x_wconf 89' lang='lat' dir='ltr'><strong>iuribus</strong></span> <span class='ocrx_word' id='word_1_119' title='bbox 1004 1698 1191 1762; x_wconf 87' lang='lat' dir='ltr'><strong>nobis</strong></span> <span class='ocrx_word' id='word_1_120' title='bbox 1236 1706 1302 1762; x_wconf 89' lang='lat' dir='ltr'><strong>et</strong></span> <span class='ocrx_word' id='word_1_121' title='bbox 1332 1696 1607 1764; x_wconf 82' lang='lat' dir='ltr'><strong>Camere</strong></span> <span class='ocrx_word' id='word_1_122' title='bbox 1654 1698 2007 1786; x_wconf 88' lang='lat' dir='ltr'><strong>apostolice</strong></span> <span class='ocrx_word' id='word_1_123' title='bbox 2057 1721 2172 1762; x_wconf 90' lang='lat' dir='ltr'><strong>seu</strong></span> <span class='ocrx_word' id='word_1_124' title='bbox 2203 1697 2504 1784; x_wconf 81' lang='lat' dir='ltr'><strong>Collegio</strong></span> 
     </span>
     <span class='ocr_line' id='line_1_15' title="bbox 99 1795 2502 1864; baseline -0.001 -3"><span class='ocrx_word' id='word_1_125' title='bbox 99 1796 595 1863; x_wconf 87' lang='lat' dir='ltr'><strong>Venerabilium</strong></span> <span class='ocrx_word' id='word_1_126' title='bbox 652 1797 923 1861; x_wconf 88' lang='lat' dir='ltr'><strong>fratrum</strong></span> <span class='ocrx_word' id='word_1_127' title='bbox 952 1807 1353 1862; x_wconf 76' lang='lat' dir='ltr'><strong>nostrorum</strong></span> <span class='ocrx_word' id='word_1_128' title='bbox 1418 1807 1634 1862; x_wconf 87' lang='lat' dir='ltr'><strong>sancte</strong></span> <span class='ocrx_word' id='word_1_129' title='bbox 1679 1797 1970 1864; x_wconf 83' lang='lat' dir='ltr'><strong>Romane</strong></span> <span class='ocrx_word' id='word_1_130' title='bbox 2028 1796 2300 1862; x_wconf 88' lang='lat' dir='ltr'><strong>ecclesie</strong></span> <span class='ocrx_word' id='word_1_131' title='bbox 2349 1795 2502 1863; x_wconf 86' lang='lat' dir='ltr'><strong>Car-</strong></span> 
     </span>
     <span class='ocr_line' id='line_1_16' title="bbox 101 1896 2504 1982; baseline 0 -22"><span class='ocrx_word' id='word_1_132' title='bbox 101 1897 411 1962; x_wconf 86' lang='lat' dir='ltr'><strong>dinalium</strong></span> <span class='ocrx_word' id='word_1_133' title='bbox 454 1898 818 1982; x_wconf 90' lang='lat' dir='ltr'><strong>ceterisque</strong></span> <span class='ocrx_word' id='word_1_134' title='bbox 864 1896 1271 1964; x_wconf 84' lang='lat' dir='ltr'><strong>Officialibus</strong></span> <span class='ocrx_word' id='word_1_135' title='bbox 1318 1897 1552 1963; x_wconf 84' lang='lat' dir='ltr'><strong>debitis</strong></span> <span class='ocrx_word' id='word_1_136' title='bbox 1595 1919 1711 1964; x_wconf 89' lang='lat' dir='ltr'><strong>seu</strong></span> <span class='ocrx_word' id='word_1_137' title='bbox 1753 1918 1881 1982; x_wconf 88' lang='lat' dir='ltr'><strong>que</strong></span> <span class='ocrx_word' id='word_1_138' title='bbox 1927 1898 2168 1963; x_wconf 89' lang='lat' dir='ltr'><strong>debere</strong></span> <span class='ocrx_word' id='word_1_139' title='bbox 2213 1897 2504 1962; x_wconf 91' lang='lat' dir='ltr'><strong>diceren-</strong></span> 
     </span>
     <span class='ocr_line' id='line_1_17' title="bbox 100 1996 2505 2086; baseline 0 -24"><span class='ocrx_word' id='word_1_140' title='bbox 100 2007 194 2062; x_wconf 89' lang='lat' dir='ltr'><strong>tur</strong></span> <span class='ocrx_word' id='word_1_141' title='bbox 236 1997 580 2062; x_wconf 80' lang='lat' dir='ltr'><strong>occasione</strong></span> <span class='ocrx_word' id='word_1_142' title='bbox 628 1999 1060 2082; x_wconf 88' lang='lat' dir='ltr'><strong>quarumlibet</strong></span> <span class='ocrx_word' id='word_1_143' title='bbox 1092 1997 1739 2086; x_wconf 88' lang='lat' dir='ltr'><strong>Metropolitanarum</strong></span> <span class='ocrx_word' id='word_1_144' title='bbox 1782 2008 1848 2064; x_wconf 91' lang='lat' dir='ltr'><strong>et</strong></span> <span class='ocrx_word' id='word_1_145' title='bbox 1877 1996 2363 2065; x_wconf 85' lang='lat' dir='ltr'><strong>Cathedralium</strong></span> <span class='ocrx_word' id='word_1_146' title='bbox 2405 2017 2505 2062; x_wconf 87' lang='lat' dir='ltr'><strong>ec-</strong></span> 
     </span>
     <span class='ocr_line' id='line_1_18' title="bbox 104 2098 2507 2184; baseline 0.001 -24"><span class='ocrx_word' id='word_1_147' title='bbox 104 2098 446 2164; x_wconf 89' lang='lat' dir='ltr'><strong>clesiarum</strong></span> <span class='ocrx_word' id='word_1_148' title='bbox 489 2098 1033 2162; x_wconf 90' lang='lat' dir='ltr'><strong>Monasteriorum</strong></span> <span class='ocrx_word' id='word_1_149' title='bbox 1095 2098 1482 2184; x_wconf 88' lang='lat' dir='ltr'><strong>dignitatum</strong></span> <span class='ocrx_word' id='word_1_150' title='bbox 1547 2098 1901 2164; x_wconf 88' lang='lat' dir='ltr'><strong>offitiorum</strong></span> <span class='ocrx_word' id='word_1_151' title='bbox 1945 2109 2010 2163; x_wconf 91' lang='lat' dir='ltr'><strong>et</strong></span> <span class='ocrx_word' id='word_1_152' title='bbox 2052 2098 2507 2165; x_wconf 84' lang='lat' dir='ltr'><strong>benefitiorum</strong></span> 
     </span>
     <span class='ocr_line' id='line_1_19' title="bbox 101 2198 2508 2286; baseline 0.001 -24"><span class='ocrx_word' id='word_1_153' title='bbox 101 2220 629 2283; x_wconf 85' lang='lat' dir='ltr'><strong>quorumcunque</strong></span> <span class='ocrx_word' id='word_1_154' title='bbox 689 2220 896 2283; x_wconf 90' lang='lat' dir='ltr'><strong>usque</strong></span> <span class='ocrx_word' id='word_1_155' title='bbox 939 2199 1009 2262; x_wconf 91' lang='lat' dir='ltr'><strong>in</strong></span> <span class='ocrx_word' id='word_1_156' title='bbox 1062 2207 1437 2286; x_wconf 88' lang='lat' dir='ltr'><strong>presentem</strong></span> <span class='ocrx_word' id='word_1_157' title='bbox 1493 2198 1670 2262; x_wconf 89' lang='lat' dir='ltr'><strong>diem</strong></span> <span class='ocrx_word' id='word_1_158' title='bbox 1723 2199 2112 2264; x_wconf 90' lang='lat' dir='ltr'><strong>remittimus</strong></span> <span class='ocrx_word' id='word_1_159' title='bbox 2162 2198 2244 2262; x_wconf 88' lang='lat' dir='ltr'><strong>de</strong></span> <span class='ocrx_word' id='word_1_160' title='bbox 2287 2206 2508 2264; x_wconf 86' lang='lat' dir='ltr'><strong>nostra</strong></span> 
     </span>
     <span class='ocr_line' id='line_1_20' title="bbox 98 2297 2502 2386; baseline -0.001 -24"><span class='ocrx_word' id='word_1_161' title='bbox 98 2298 481 2364; x_wconf 88' lang='lat' dir='ltr'><strong>liberalitate</strong></span> <span class='ocrx_word' id='word_1_162' title='bbox 514 2299 895 2362; x_wconf 62' lang='lat' dir='ltr'><strong>‘relaxa-mus</strong></span> <span class='ocrx_word' id='word_1_163' title='bbox 936 2299 1181 2386; x_wconf 89' lang='lat' dir='ltr'><strong>pariter</strong></span> <span class='ocrx_word' id='word_1_164' title='bbox 1226 2307 1293 2362; x_wconf 91' lang='lat' dir='ltr'><strong>et</strong></span> <span class='ocrx_word' id='word_1_165' title='bbox 1339 2298 1672 2381; x_wconf 63' lang='lat' dir='ltr'><strong>donanim,</strong></span> <span class='ocrx_word' id='word_1_166' title='bbox 1719 2319 1962 2382; x_wconf 87' lang='lat' dir='ltr'><strong>eosque</strong></span> <span class='ocrx_word' id='word_1_167' title='bbox 2012 2298 2121 2382; x_wconf 85' lang='lat' dir='ltr'><strong>qui</strong></span> <span class='ocrx_word' id='word_1_168' title='bbox 2165 2297 2235 2363; x_wconf 90' lang='lat' dir='ltr'><strong>in</strong></span> <span class='ocrx_word' id='word_1_169' title='bbox 2282 2297 2502 2362; x_wconf 88' lang='lat' dir='ltr'><strong>huius-</strong></span> 
     </span>
     <span class='ocr_line' id='line_1_21' title="bbox 100 2397 2500 2484; baseline -0.001 -22"><span class='ocrx_word' id='word_1_170' title='bbox 100 2399 265 2464; x_wconf 86' lang='lat' dir='ltr'><strong>modi</strong></span> <span class='ocrx_word' id='word_1_171' title='bbox 316 2399 558 2464; x_wconf 86' lang='lat' dir='ltr'><strong>debitis</strong></span> <span class='ocrx_word' id='word_1_172' title='bbox 606 2399 875 2484; x_wconf 87' lang='lat' dir='ltr'><strong>obligati</strong></span> <span class='ocrx_word' id='word_1_173' title='bbox 922 2407 1141 2463; x_wconf 89' lang='lat' dir='ltr'><strong>essent</strong></span> <span class='ocrx_word' id='word_1_174' title='bbox 1180 2401 1258 2464; x_wconf 90' lang='lat' dir='ltr'><strong>ab</strong></span> <span class='ocrx_word' id='word_1_175' title='bbox 1294 2398 1469 2463; x_wconf 89' lang='lat' dir='ltr'><strong>omni</strong></span> <span class='ocrx_word' id='word_1_176' title='bbox 1507 2419 1726 2463; x_wconf 83' lang='lat' dir='ltr'><strong>eorum</strong></span> <span class='ocrx_word' id='word_1_177' title='bbox 1760 2399 2083 2464; x_wconf 88' lang='lat' dir='ltr'><strong>solutione</strong></span> <span class='ocrx_word' id='word_1_178' title='bbox 2111 2397 2500 2463; x_wconf 87' lang='lat' dir='ltr'><strong>absolvimus</strong></span> 
     </span>
     <span class='ocr_line' id='line_1_22' title="bbox 108 2497 2503 2587; baseline -0.001 -24"><span class='ocrx_word' id='word_1_179' title='bbox 108 2508 166 2563; x_wconf 88' lang='lat' dir='ltr'><strong>et</strong></span> <span class='ocrx_word' id='word_1_180' title='bbox 204 2500 415 2564; x_wconf 75' lang='lat' dir='ltr'><strong>eciam</strong></span> <span class='ocrx_word' id='word_1_181' title='bbox 457 2500 809 2564; x_wconf 86' lang='lat' dir='ltr'><strong>liberamus</strong></span> <span class='ocrx_word' id='word_1_182' title='bbox 824 2547 844 2582; x_wconf 89' lang='lat'><em>,</em></span> <span class='ocrx_word' id='word_1_183' title='bbox 894 2499 1409 2587; x_wconf 88' lang='lat' dir='ltr'><strong>dispensationes</strong></span> <span class='ocrx_word' id='word_1_184' title='bbox 1452 2506 1756 2587; x_wconf 89' lang='lat' dir='ltr'><strong>preterea</strong></span> <span class='ocrx_word' id='word_1_185' title='bbox 1799 2517 2208 2584; x_wconf 89' lang='lat' dir='ltr'><strong>quascunque</strong></span> <span class='ocrx_word' id='word_1_186' title='bbox 2247 2497 2374 2561; x_wconf 89' lang='lat' dir='ltr'><strong>nisi</strong></span> <span class='ocrx_word' id='word_1_187' title='bbox 2413 2505 2503 2560; x_wconf 89' lang='lat' dir='ltr'><strong>ta-</strong></span> 
     </span>
     <span class='ocr_line' id='line_1_23' title="bbox 104 2597 2512 2688; baseline 0.002 -28"><span class='ocrx_word' id='word_1_188' title='bbox 104 2597 189 2662; x_wconf 85' lang='lat' dir='ltr'><strong>les</strong></span> <span class='ocrx_word' id='word_1_189' title='bbox 250 2600 477 2666; x_wconf 88' lang='lat' dir='ltr'><strong>forent</strong></span> <span class='ocrx_word' id='word_1_190' title='bbox 534 2621 689 2684; x_wconf 89' lang='lat' dir='ltr'><strong>quas</strong></span> <span class='ocrx_word' id='word_1_191' title='bbox 754 2600 1063 2664; x_wconf 89' lang='lat' dir='ltr'><strong>hactenus</strong></span> <span class='ocrx_word' id='word_1_192' title='bbox 1119 2599 1310 2664; x_wconf 89' lang='lat' dir='ltr'><strong>sedes</strong></span> <span class='ocrx_word' id='word_1_193' title='bbox 1369 2599 1722 2688; x_wconf 88' lang='lat' dir='ltr'><strong>apostolica</strong></span> <span class='ocrx_word' id='word_1_194' title='bbox 1771 2597 2130 2664; x_wconf 89' lang='lat' dir='ltr'><strong>concedere</strong></span> <span class='ocrx_word' id='word_1_195' title='bbox 2178 2621 2311 2662; x_wconf 91' lang='lat' dir='ltr'><strong>non</strong></span> <span class='ocrx_word' id='word_1_196' title='bbox 2353 2619 2512 2684; x_wconf 24' lang='lat' dir='ltr'><strong>con--</strong></span> 
     </span>
     <span class='ocr_line' id='line_1_24' title="bbox 104 2695 2504 2788; baseline 0.001 -26"><span class='ocrx_word' id='word_1_197' title='bbox 104 2699 339 2783; x_wconf 83' lang='lat' dir='ltr'><strong>suevit,</strong></span> <span class='ocrx_word' id='word_1_198' title='bbox 410 2699 675 2764; x_wconf 84' lang='lat' dir='ltr'><strong>Indulta</strong></span> <span class='ocrx_word' id='word_1_199' title='bbox 734 2721 991 2784; x_wconf 89' lang='lat' dir='ltr'><strong>quoque</strong></span> <span class='ocrx_word' id='word_1_200' title='bbox 1037 2695 1250 2764; x_wconf 82' lang='lat' dir='ltr'><strong>forum</strong></span> <span class='ocrx_word' id='word_1_201' title='bbox 1295 2699 1696 2765; x_wconf 87' lang='lat' dir='ltr'><strong>consciencie</strong></span> <span class='ocrx_word' id='word_1_202' title='bbox 1738 2699 2152 2788; x_wconf 88' lang='lat' dir='ltr'><strong>respicientia</strong></span> <span class='ocrx_word' id='word_1_203' title='bbox 2193 2697 2393 2762; x_wconf 88' lang='lat' dir='ltr'><strong>eciam</strong></span> <span class='ocrx_word' id='word_1_204' title='bbox 2433 2698 2504 2764; x_wconf 88' lang='lat' dir='ltr'><strong>in</strong></span> 
     </span>
     <span class='ocr_line' id='line_1_25' title="bbox 106 2799 2498 2889; baseline 0 -26"><span class='ocrx_word' id='word_1_205' title='bbox 106 2799 345 2865; x_wconf 86' lang='lat' dir='ltr'><strong>casibus</strong></span> <span class='ocrx_word' id='word_1_206' title='bbox 392 2800 536 2864; x_wconf 89' lang='lat' dir='ltr'><strong>sedi</strong></span> <span class='ocrx_word' id='word_1_207' title='bbox 576 2799 929 2889; x_wconf 86' lang='lat' dir='ltr'><strong>apostolice</strong></span> <span class='ocrx_word' id='word_1_208' title='bbox 969 2800 1337 2882; x_wconf 80' lang='lat' dir='ltr'><strong>reservatis,</strong></span> <span class='ocrx_word' id='word_1_209' title='bbox 1376 2821 1502 2864; x_wconf 90' lang='lat' dir='ltr'><strong>nec</strong></span> <span class='ocrx_word' id='word_1_210' title='bbox 1543 2823 1674 2865; x_wconf 90' lang='lat' dir='ltr'><strong>non</strong></span> <span class='ocrx_word' id='word_1_211' title='bbox 1709 2817 1910 2865; x_wconf 83' lang='lat' dir='ltr'><strong>novas</strong></span> <span class='ocrx_word' id='word_1_212' title='bbox 1945 2799 2348 2888; x_wconf 85' lang='lat' dir='ltr'><strong>provisiones</strong></span> <span class='ocrx_word' id='word_1_213' title='bbox 2379 2820 2498 2886; x_wconf 90' lang='lat' dir='ltr'><strong>pro</strong></span> 
     </span>
     <span class='ocr_line' id='line_1_26' title="bbox 102 2897 2500 2988; baseline 0.001 -26"><span class='ocrx_word' id='word_1_214' title='bbox 102 2900 583 2985; x_wconf 88' lang='lat' dir='ltr'><strong>possessoribus</strong></span> <span class='ocrx_word' id='word_1_215' title='bbox 642 2899 779 2963; x_wconf 92' lang='lat' dir='ltr'><strong>sine</strong></span> <span class='ocrx_word' id='word_1_216' title='bbox 840 2897 1188 2985; x_wconf 83' lang='lat' dir='ltr'><strong>preiudi&#39;tio</strong></span> <span class='ocrx_word' id='word_1_217' title='bbox 1248 2898 1404 2962; x_wconf 90' lang='lat' dir='ltr'><strong>iuris</strong></span> <span class='ocrx_word' id='word_1_218' title='bbox 1454 2899 1687 2982; x_wconf 91' lang='lat' dir='ltr'><strong>quesiti</strong></span> <span class='ocrx_word' id='word_1_219' title='bbox 1730 2899 1872 2988; x_wconf 90' lang='lat' dir='ltr'><strong>ipsa</strong></span> <span class='ocrx_word' id='word_1_220' title='bbox 1915 2898 2339 2987; x_wconf 88' lang='lat' dir='ltr'><strong>suspensione</strong></span> <span class='ocrx_word' id='word_1_221' title='bbox 2385 2897 2500 2964; x_wconf 83' lang='lat' dir='ltr'><strong>du-</strong></span> 
     </span>
     <span class='ocr_line' id='line_1_27' title="bbox 108 2991 2499 3084; baseline 0 -22"><span class='ocrx_word' id='word_1_222' title='bbox 108 3010 278 3065; x_wconf 87' lang='lat' dir='ltr'><strong>rante</strong></span> <span class='ocrx_word' id='word_1_223' title='bbox 342 3001 475 3064; x_wconf 89' lang='lat' dir='ltr'><strong>vel.</strong></span> <span class='ocrx_word' id='word_1_224' title='bbox 524 2999 725 3064; x_wconf 86' lang='lat' dir='ltr'><strong>eciam</strong></span> <span class='ocrx_word' id='word_1_225' title='bbox 784 3007 969 3062; x_wconf 86' lang='lat' dir='ltr'><strong>antea</strong></span> <span class='ocrx_word' id='word_1_226' title='bbox 1026 3021 1063 3061; x_wconf 90' lang='lat' dir='ltr'><strong>a</strong></span> <span class='ocrx_word' id='word_1_227' title='bbox 1118 2998 1306 3064; x_wconf 91' lang='lat' dir='ltr'><strong>nobis</strong></span> <span class='ocrx_word' id='word_1_228' title='bbox 1352 2991 1481 3063; x_wconf 65' lang='lat' dir='ltr'><strong>aut⁸</strong></span> <span class='ocrx_word' id='word_1_229' title='bbox 1509 3001 1588 3064; x_wconf 89' lang='lat' dir='ltr'><strong>ab</strong></span> <span class='ocrx_word' id='word_1_230' title='bbox 1631 2999 1724 3063; x_wconf 87' lang='lat' dir='ltr'><strong>eis</strong></span> <span class='ocrx_word' id='word_1_231' title='bbox 1773 2999 1883 3084; x_wconf 91' lang='lat' dir='ltr'><strong>qui</strong></span> <span class='ocrx_word' id='word_1_232' title='bbox 1923 2999 2184 3072; x_wconf 88' lang='lat' dir='ltr'><strong>Basilee</strong></span> <span class='ocrx_word' id='word_1_233' title='bbox 2224 3000 2341 3064; x_wconf 90' lang='lat' dir='ltr'><strong>sub</strong></span> <span class='ocrx_word' id='word_1_234' title='bbox 2383 3021 2499 3062; x_wconf 90' lang='lat' dir='ltr'><strong>no-</strong></span> 
     </span>
     <span class='ocr_line' id='line_1_28' title="bbox 110 3098 2496 3184; baseline 0.001 -22"><span class='ocrx_word' id='word_1_235' title='bbox 110 3100 271 3165; x_wconf 91' lang='lat' dir='ltr'><strong>mine</strong></span> <span class='ocrx_word' id='word_1_236' title='bbox 323 3099 605 3167; x_wconf 85' lang='lat' dir='ltr'><strong>Concilii</strong></span> <span class='ocrx_word' id='word_1_237' title='bbox 645 3109 1095 3167; x_wconf 82' lang='lat' dir='ltr'><strong>remanserunt</strong></span> <span class='ocrx_word' id='word_1_238' title='bbox 1135 3109 1244 3163; x_wconf 89' lang='lat' dir='ltr'><strong>aut</strong></span> <span class='ocrx_word' id='word_1_239' title='bbox 1284 3099 1682 3184; x_wconf 90' lang='lat' dir='ltr'><strong>Legatorum</strong></span> <span class='ocrx_word' id='word_1_240' title='bbox 1728 3120 1989 3164; x_wconf 91' lang='lat' dir='ltr'><strong>suorum</strong></span> <span class='ocrx_word' id='word_1_241' title='bbox 2025 3101 2135 3164; x_wconf 93' lang='lat' dir='ltr'><strong>vel</strong></span> <span class='ocrx_word' id='word_1_242' title='bbox 2180 3098 2303 3164; x_wconf 88' lang='lat' dir='ltr'><strong>alia</strong></span> <span class='ocrx_word' id='word_1_243' title='bbox 2347 3121 2496 3184; x_wconf 90' lang='lat' dir='ltr'><strong>qua-</strong></span> 
     </span>
     <span class='ocr_line' id='line_1_29' title="bbox 104 3198 2499 3288; baseline 0.002 -28"><span class='ocrx_word' id='word_1_244' title='bbox 104 3199 191 3264; x_wconf 88' lang='lat' dir='ltr'><strong>vis</strong></span> <span class='ocrx_word' id='word_1_245' title='bbox 255 3201 637 3266; x_wconf 82' lang='lat' dir='ltr'><strong>auctoritate</strong></span> <span class='ocrx_word' id='word_1_246' title='bbox 684 3202 978 3265; x_wconf 92' lang='lat' dir='ltr'><strong>obtentas</strong></span> <span class='ocrx_word' id='word_1_247' title='bbox 1024 3200 1399 3288; x_wconf 86' lang='lat' dir='ltr'><strong>impetratas</strong></span> <span class='ocrx_word' id='word_1_248' title='bbox 1444 3220 1782 3264; x_wconf 85' lang='lat' dir='ltr'><strong>concessas</strong></span> <span class='ocrx_word' id='word_1_249' title='bbox 1823 3223 1897 3263; x_wconf 88' lang='lat' dir='ltr'><strong>ac</strong></span> <span class='ocrx_word' id='word_1_250' title='bbox 1947 3199 2160 3272; x_wconf 89' lang='lat' dir='ltr'><strong>omnia</strong></span> <span class='ocrx_word' id='word_1_251' title='bbox 2200 3198 2354 3264; x_wconf 91' lang='lat' dir='ltr'><strong>inde</strong></span> <span class='ocrx_word' id='word_1_252' title='bbox 2401 3221 2499 3265; x_wconf 91' lang='lat' dir='ltr'><strong>se·</strong></span> 
     </span>
     <span class='ocr_line' id='line_1_30' title="bbox 108 3299 2494 3386; baseline 0.002 -24"><span class='ocrx_word' id='word_1_253' title='bbox 108 3310 239 3364; x_wconf 86' lang='lat' dir='ltr'><strong>cuta</strong></span> <span class='ocrx_word' id='word_1_254' title='bbox 296 3326 337 3366; x_wconf 84' lang='lat' dir='ltr'><strong>a</strong></span> <span class='ocrx_word' id='word_1_255' title='bbox 408 3301 514 3365; x_wconf 90' lang='lat' dir='ltr'><strong>die</strong></span> <span class='ocrx_word' id='word_1_256' title='bbox 570 3301 727 3364; x_wconf 88' lang='lat' dir='ltr'><strong>date·</strong></span> <span class='ocrx_word' id='word_1_257' title='bbox 764 3300 1193 3365; x_wconf 86' lang='lat' dir='ltr'><strong>concessionis</strong></span> <span class='ocrx_word' id='word_1_258' title='bbox 1242 3299 1606 3386; x_wconf 35' lang='lat' dir='ltr'><strong>‘earundem</strong></span> <span class='ocrx_word' id='word_1_259' title='bbox 1648 3300 1879 3364; x_wconf 87' lang='lat' dir='ltr'><strong>eadem</strong></span> <span class='ocrx_word' id='word_1_260' title='bbox 1923 3301 2300 3366; x_wconf 87' lang='lat' dir='ltr'><strong>auctoritate</strong></span> <span class='ocrx_word' id='word_1_261' title='bbox 2346 3323 2494 3366; x_wconf 91' lang='lat' dir='ltr'><strong>con-</strong></span> 
     </span>
     <span class='ocr_line' id='line_1_31' title="bbox 106 3398 2498 3490; baseline 0.002 -28"><span class='ocrx_word' id='word_1_262' title='bbox 106 3398 462 3483; x_wconf 80' lang='lat' dir='ltr'><strong>firmamus,</strong></span> <span class='ocrx_word' id='word_1_263' title='bbox 511 3399 784 3488; x_wconf 89' lang='lat' dir='ltr'><strong>perinde</strong></span> <span class='ocrx_word' id='word_1_264' title='bbox 830 3423 903 3464; x_wconf 88' lang='lat' dir='ltr'><strong>ac</strong></span> <span class='ocrx_word' id='word_1_265' title='bbox 947 3398 999 3464; x_wconf 89' lang='lat' dir='ltr'><strong>si</strong></span> <span class='ocrx_word' id='word_1_266' title='bbox 1043 3424 1081 3463; x_wconf 89' lang='lat' dir='ltr'><strong>a</strong></span> <span class='ocrx_word' id='word_1_267' title='bbox 1119 3399 1305 3464; x_wconf 92' lang='lat' dir='ltr'><strong>nobis</strong></span> <span class='ocrx_word' id='word_1_268' title='bbox 1350 3400 1693 3488; x_wconf 86' lang='lat' dir='ltr'><strong>impetrata</strong></span> <span class='ocrx_word' id='word_1_269' title='bbox 1738 3399 2044 3483; x_wconf 85' lang='lat' dir='ltr'><strong>fuissent,</strong></span> <span class='ocrx_word' id='word_1_270' title='bbox 2093 3399 2310 3490; x_wconf 82' lang='lat' dir='ltr'><strong>Super</strong></span> <span class='ocrx_word' id='word_1_271' title='bbox 2357 3423 2498 3467; x_wconf 81' lang='lat' dir='ltr'><strong>sen-</strong></span> 
     </span>
     <span class='ocr_line' id='line_1_32' title="bbox 107 3498 2501 3587; baseline 0.003 -27"><span class='ocrx_word' id='word_1_272' title='bbox 107 3501 309 3566; x_wconf 86' lang='lat' dir='ltr'><strong>tentiis</strong></span> <span class='ocrx_word' id='word_1_273' title='bbox 370 3509 589 3566; x_wconf 88' lang='lat' dir='ltr'><strong>autem</strong></span> <span class='ocrx_word' id='word_1_274' title='bbox 644 3499 715 3565; x_wconf 87' lang='lat' dir='ltr'><strong>in</strong></span> <span class='ocrx_word' id='word_1_275' title='bbox 751 3501 1039 3566; x_wconf 87' lang='lat' dir='ltr'><strong>Romana</strong></span> <span class='ocrx_word' id='word_1_276' title='bbox 1089 3498 1287 3565; x_wconf 86' lang='lat' dir='ltr'><strong>Curia</strong></span> <span class='ocrx_word' id='word_1_277' title='bbox 1339 3501 1448 3564; x_wconf 87' lang='lat' dir='ltr'><strong>vel</strong></span> <span class='ocrx_word' id='word_1_278' title='bbox 1504 3500 1574 3564; x_wconf 91' lang='lat' dir='ltr'><strong>in</strong></span> <span class='ocrx_word' id='word_1_279' title='bbox 1610 3500 1872 3565; x_wconf 88' lang='lat' dir='ltr'><strong>Basilea</strong></span> <span class='ocrx_word' id='word_1_280' title='bbox 1918 3504 2037 3567; x_wconf 93' lang='lat' dir='ltr'><strong>sub</strong></span> <span class='ocrx_word' id='word_1_281' title='bbox 2081 3502 2343 3566; x_wconf 91' lang='lat' dir='ltr'><strong>nomine</strong></span> <span class='ocrx_word' id='word_1_282' title='bbox 2386 3523 2501 3587; x_wconf 88' lang='lat' dir='ltr'><strong>ge-</strong></span> 
     </span>
     <span class='ocr_line' id='line_1_33' title="bbox 105 3599 2504 3688; baseline 0.002 -28"><span class='ocrx_word' id='word_1_283' title='bbox 105 3601 331 3666; x_wconf 86' lang='lat' dir='ltr'><strong>neralis</strong></span> <span class='ocrx_word' id='word_1_284' title='bbox 402 3599 675 3667; x_wconf 87' lang='lat' dir='ltr'><strong>Concilii</strong></span> <span class='ocrx_word' id='word_1_285' title='bbox 737 3608 885 3665; x_wconf 91' lang='lat' dir='ltr'><strong>ante</strong></span> <span class='ocrx_word' id='word_1_286' title='bbox 950 3601 1158 3688; x_wconf 89' lang='lat' dir='ltr'><strong>ipsam</strong></span> <span class='ocrx_word' id='word_1_287' title='bbox 1222 3600 1717 3687; x_wconf 86' lang='lat' dir='ltr'><strong>suspensionem</strong></span> <span class='ocrx_word' id='word_1_288' title='bbox 1780 3601 1893 3664; x_wconf 89' lang='lat' dir='ltr'><strong>vel·</strong></span> <span class='ocrx_word' id='word_1_289' title='bbox 1959 3624 2034 3666; x_wconf 90' lang='lat' dir='ltr'><strong>ea</strong></span> <span class='ocrx_word' id='word_1_290' title='bbox 2099 3601 2371 3666; x_wconf 88' lang='lat' dir='ltr'><strong>durante</strong></span> <span class='ocrx_word' id='word_1_291' title='bbox 2432 3601 2504 3664; x_wconf 90' lang='lat' dir='ltr'><strong>in</strong></span> 
     </span>
     <span class='ocr_line' id='line_1_34' title="bbox 108 3699 2503 3786; baseline 0 -24"><span class='ocrx_word' id='word_1_292' title='bbox 108 3702 331 3784; x_wconf 86' lang='lat' dir='ltr'><strong>causis,</strong></span> <span class='ocrx_word' id='word_1_293' title='bbox 402 3701 471 3766; x_wconf 90' lang='lat' dir='ltr'><strong>in</strong></span> <span class='ocrx_word' id='word_1_294' title='bbox 518 3701 747 3786; x_wconf 91' lang='lat' dir='ltr'><strong>quibus</strong></span> <span class='ocrx_word' id='word_1_295' title='bbox 791 3709 1065 3785; x_wconf 89' lang='lat' dir='ltr'><strong>uterque</strong></span> <span class='ocrx_word' id='word_1_296' title='bbox 1107 3699 1504 3786; x_wconf 87' lang='lat' dir='ltr'><strong>litigantium</strong></span> <span class='ocrx_word' id='word_1_297' title='bbox 1545 3722 1631 3764; x_wconf 82' lang='lat' dir='ltr'><strong>ex</strong></span> <span class='ocrx_word' id='word_1_298' title='bbox 1672 3700 1998 3767; x_wconf 89' lang='lat' dir='ltr'><strong>ordinario</strong></span> <span class='ocrx_word' id='word_1_299' title='bbox 2047 3701 2232 3766; x_wconf 91' lang='lat' dir='ltr'><strong>titulo</strong></span> <span class='ocrx_word' id='word_1_300' title='bbox 2277 3699 2503 3764; x_wconf 85' lang='lat' dir='ltr'><strong>nititur</strong></span> 
     </span>
     <span class='ocr_line' id='line_1_35' title="bbox 108 3798 2502 3884; baseline 0.001 -23"><span class='ocrx_word' id='word_1_301' title='bbox 108 3799 385 3884; x_wconf 82' lang='lat' dir='ltr'><strong>prolatiS‚</strong></span> <span class='ocrx_word' id='word_1_302' title='bbox 430 3820 556 3884; x_wconf 91' lang='lat' dir='ltr'><strong>que</strong></span> <span class='ocrx_word' id='word_1_303' title='bbox 602 3799 969 3864; x_wconf 82' lang='lat' dir='ltr'><strong>executioni</strong></span> <span class='ocrx_word' id='word_1_304' title='bbox 1011 3798 1305 3863; x_wconf 88' lang='lat' dir='ltr'><strong>nondum</strong></span> <span class='ocrx_word' id='word_1_305' title='bbox 1348 3807 1499 3863; x_wconf 89' lang='lat' dir='ltr'><strong>sunt</strong></span> <span class='ocrx_word' id='word_1_306' title='bbox 1536 3799 1964 3883; x_wconf 86' lang='lat' dir='ltr'><strong>demandate‚</strong></span> <span class='ocrx_word' id='word_1_307' title='bbox 2012 3800 2334 3865; x_wconf 88' lang='lat' dir='ltr'><strong>Volumus</strong></span> <span class='ocrx_word' id='word_1_308' title='bbox 2381 3807 2502 3874; x_wconf 80' lang='lat' dir='ltr'><strong>sta·</strong></span> 
     </span>
     <span class='ocr_line' id='line_1_36' title="bbox 110 3894 2505 3984; baseline 0.002 -24"><span class='ocrx_word' id='word_1_309' title='bbox 110 3897 333 3963; x_wconf 86' lang='lat' dir='ltr'><strong>tuimus</strong></span> <span class='ocrx_word' id='word_1_310' title='bbox 396 3908 465 3963; x_wconf 91' lang='lat' dir='ltr'><strong>et</strong></span> <span class='ocrx_word' id='word_1_311' title='bbox 526 3899 898 3964; x_wconf 89' lang='lat' dir='ltr'><strong>ordinamus</strong></span> <span class='ocrx_word' id='word_1_312' title='bbox 960 3900 1136 3984; x_wconf 91' lang='lat' dir='ltr'><strong>quod</strong></span> <span class='ocrx_word' id='word_1_313' title='bbox 1203 3894 1576 3964; x_wconf 88' lang='lat' dir='ltr'><strong>huiusmodi</strong></span> <span class='ocrx_word' id='word_1_314' title='bbox 1621 3900 1948 3964; x_wconf 89' lang='lat' dir='ltr'><strong>sentencie</strong></span> <span class='ocrx_word' id='word_1_315' title='bbox 2007 3922 2224 3965; x_wconf 88' lang='lat' dir='ltr'><strong>coram</strong></span> <span class='ocrx_word' id='word_1_316' title='bbox 2279 3899 2505 3965; x_wconf 89' lang='lat' dir='ltr'><strong>Iudice</strong></span> 
     </span>
     <span class='ocr_line' id='line_1_37' title="bbox 110 3997 2502 4087; baseline 0.002 -28"><span class='ocrx_word' id='word_1_317' title='bbox 110 3997 427 4065; x_wconf 87' lang='lat' dir='ltr'><strong>ordinario</strong></span> <span class='ocrx_word' id='word_1_318' title='bbox 484 4007 839 4065; x_wconf 86' lang='lat' dir='ltr'><strong>tractentur</strong></span> <span class='ocrx_word' id='word_1_319' title='bbox 904 4009 969 4064; x_wconf 89' lang='lat' dir='ltr'><strong>et</strong></span> <span class='ocrx_word' id='word_1_320' title='bbox 1028 3999 1336 4085; x_wconf 89' lang='lat' dir='ltr'><strong>quicquid</strong></span> <span class='ocrx_word' id='word_1_321' title='bbox 1376 4008 1652 4085; x_wconf 89' lang='lat' dir='ltr'><strong>utraque</strong></span> <span class='ocrx_word' id='word_1_322' title='bbox 1699 4023 1848 4086; x_wconf 90' lang='lat' dir='ltr'><strong>pars</strong></span> <span class='ocrx_word' id='word_1_323' title='bbox 1891 4001 2094 4065; x_wconf 91' lang='lat' dir='ltr'><strong>vellet</strong></span> <span class='ocrx_word' id='word_1_324' title='bbox 2137 3999 2502 4087; x_wconf 86' lang='lat' dir='ltr'><strong>producere</strong></span> 
     </span>
     <span class='ocr_line' id='line_1_38' title="bbox 107 4097 2500 4186; baseline 0.002 -26"><span class='ocrx_word' id='word_1_325' title='bbox 107 4118 213 4182; x_wconf 89' lang='lat' dir='ltr'><strong>pro</strong></span> <span class='ocrx_word' id='word_1_326' title='bbox 254 4097 399 4164; x_wconf 86' lang='lat' dir='ltr'><strong>iure</strong></span> <span class='ocrx_word' id='word_1_327' title='bbox 447 4123 562 4164; x_wconf 88' lang='lat' dir='ltr'><strong>suo</strong></span> <span class='ocrx_word' id='word_1_328' title='bbox 608 4121 823 4164; x_wconf 89' lang='lat' dir='ltr'><strong>coram</strong></span> <span class='ocrx_word' id='word_1_329' title='bbox 872 4121 947 4165; x_wconf 86' lang='lat' dir='ltr'><strong>eo</strong></span> <span class='ocrx_word' id='word_1_330' title='bbox 996 4099 1233 4164; x_wconf 88' lang='lat' dir='ltr'><strong>debeat</strong></span> <span class='ocrx_word' id='word_1_331' title='bbox 1270 4100 1605 4184; x_wconf 85' lang='lat' dir='ltr'><strong>exhibere,</strong></span> <span class='ocrx_word' id='word_1_332' title='bbox 1655 4101 1785 4184; x_wconf 79' lang='lat' dir='ltr'><strong>Qui</strong></span> <span class='ocrx_word' id='word_1_333' title='bbox 1836 4101 2099 4186; x_wconf 86' lang='lat' dir='ltr'><strong>quidem</strong></span> <span class='ocrx_word' id='word_1_334' title='bbox 2139 4099 2352 4166; x_wconf 85' lang='lat' dir='ltr'><strong>Iudex</strong></span> <span class='ocrx_word' id='word_1_335' title='bbox 2395 4122 2500 4164; x_wconf 90' lang='lat' dir='ltr'><strong>su-</strong></span> 
     </span>
     <span class='ocr_line' id='line_1_39' title="bbox 108 4198 2494 4288; baseline 0.001 -27"><span class='ocrx_word' id='word_1_336' title='bbox 108 4198 295 4264; x_wconf 85' lang='lat' dir='ltr'><strong>marie</strong></span> <span class='ocrx_word' id='word_1_337' title='bbox 340 4198 720 4287; x_wconf 88' lang='lat' dir='ltr'><strong>simpliciter</strong></span> <span class='ocrx_word' id='word_1_338' title='bbox 766 4208 833 4264; x_wconf 94' lang='lat' dir='ltr'><strong>et</strong></span> <span class='ocrx_word' id='word_1_339' title='bbox 878 4199 959 4264; x_wconf 89' lang='lat' dir='ltr'><strong>de</strong></span> <span class='ocrx_word' id='word_1_340' title='bbox 1006 4200 1201 4287; x_wconf 89' lang='lat' dir='ltr'><strong>plano</strong></span> <span class='ocrx_word' id='word_1_341' title='bbox 1247 4199 1385 4266; x_wconf 87' lang='lat' dir='ltr'><strong>sola</strong></span> <span class='ocrx_word' id='word_1_342' title='bbox 1428 4200 1578 4264; x_wconf 83' lang='lat' dir='ltr'><strong>facti</strong></span> <span class='ocrx_word' id='word_1_343' title='bbox 1617 4200 1892 4265; x_wconf 85' lang='lat' dir='ltr'><strong>veritate</strong></span> <span class='ocrx_word' id='word_1_344' title='bbox 1935 4200 2224 4288; x_wconf 90' lang='lat' dir='ltr'><strong>inspecta</strong></span> <span class='ocrx_word' id='word_1_345' title='bbox 2267 4221 2494 4288; x_wconf 89' lang='lat' dir='ltr'><strong>proce-</strong></span> 
     </span>
     <span class='ocr_line' id='line_1_40' title="bbox 114 4293 2504 4388; baseline 0.004 -30"><span class='ocrx_word' id='word_1_346' title='bbox 114 4293 258 4362; x_wconf 88' lang='lat' dir='ltr'><strong>dens</strong></span> <span class='ocrx_word' id='word_1_347' title='bbox 316 4300 657 4384; x_wconf 88' lang='lat' dir='ltr'><strong>negotium</strong></span> <span class='ocrx_word' id='word_1_348' title='bbox 713 4300 928 4388; x_wconf 84' lang='lat' dir='ltr'><strong>ipsum</strong></span> <span class='ocrx_word' id='word_1_349' title='bbox 970 4300 1157 4365; x_wconf 87' lang='lat' dir='ltr'><strong>unica</strong></span> <span class='ocrx_word' id='word_1_350' title='bbox 1214 4301 1429 4366; x_wconf 89' lang='lat' dir='ltr'><strong>valeat</strong></span> <span class='ocrx_word' id='word_1_351' title='bbox 1472 4300 1820 4365; x_wconf 88' lang='lat' dir='ltr'><strong>terminare</strong></span> <span class='ocrx_word' id='word_1_352' title='bbox 1869 4300 2230 4384; x_wconf 86' lang='lat' dir='ltr'><strong>sentencia,</strong></span> <span class='ocrx_word' id='word_1_353' title='bbox 2298 4325 2336 4366; x_wconf 87' lang='lat' dir='ltr'><strong>a</strong></span> <span class='ocrx_word' id='word_1_354' title='bbox 2377 4323 2504 4387; x_wconf 87' lang='lat' dir='ltr'><strong>qua</strong></span> 
     </span>
     <span class='ocr_line' id='line_1_41' title="bbox 109 4396 2497 4489; baseline 0.003 -31"><span class='ocrx_word' id='word_1_355' title='bbox 109 4396 259 4462; x_wconf 86' lang='lat' dir='ltr'><strong>nulli</strong></span> <span class='ocrx_word' id='word_1_356' title='bbox 312 4400 590 4488; x_wconf 77' lang='lat' dir='ltr'><strong>partium</strong></span> <span class='ocrx_word' id='word_1_357' title='bbox 652 4400 985 4489; x_wconf 89' lang='lat' dir='ltr'><strong>appellare</strong></span> <span class='ocrx_word' id='word_1_358' title='bbox 1041 4401 1235 4466; x_wconf 89' lang='lat' dir='ltr'><strong>liceat</strong></span> <span class='ocrx_word' id='word_1_359' title='bbox 1296 4410 1405 4466; x_wconf 89' lang='lat' dir='ltr'><strong>aut</strong></span> <span class='ocrx_word' id='word_1_360' title='bbox 1456 4422 1815 4489; x_wconf 87' lang='lat' dir='ltr'><strong>provocare</strong></span> <span class='ocrx_word' id='word_1_361' title='bbox 1874 4400 1983 4465; x_wconf 90' lang='lat' dir='ltr'><strong>vel</strong></span> <span class='ocrx_word' id='word_1_362' title='bbox 2021 4401 2497 4466; x_wconf 88' lang='lat' dir='ltr'><strong>restitutionem</strong></span> 
     </span>
     <span class='ocr_line' id='line_1_42' title="bbox 111 4494 2495 4590; baseline 0.004 -31"><span class='ocrx_word' id='word_1_363' title='bbox 111 4494 369 4581; x_wconf 77' lang='lat' dir='ltr'><strong>aliquam</strong></span> <span class='ocrx_word' id='word_1_364' title='bbox 431 4499 725 4567; x_wconf 87' lang='lat' dir='ltr'><strong>obtinere</strong></span> <span class='ocrx_word' id='word_1_365' title='bbox 740 4549 761 4583; x_wconf 86' lang='lat'><em>,</em></span> <span class='ocrx_word' id='word_1_366' title='bbox 824 4499 954 4566; x_wconf 84' lang='lat' dir='ltr'><strong>Per</strong></span> <span class='ocrx_word' id='word_1_367' title='bbox 997 4502 1123 4566; x_wconf 89' lang='lat' dir='ltr'><strong>hoc</strong></span> <span class='ocrx_word' id='word_1_368' title='bbox 1164 4510 1380 4566; x_wconf 90' lang='lat' dir='ltr'><strong>autem</strong></span> <span class='ocrx_word' id='word_1_369' title='bbox 1424 4500 1796 4567; x_wconf 84' lang='lat' dir='ltr'><strong>nullatenus</strong></span> <span class='ocrx_word' id='word_1_370' title='bbox 1836 4500 2244 4590; x_wconf 88' lang='lat' dir='ltr'><strong>preiudicare</strong></span> <span class='ocrx_word' id='word_1_371' title='bbox 2284 4500 2495 4570; x_wconf 84' lang='lat' dir='ltr'><strong>inten-</strong></span> 
     </span>
    </p>
   </div>
  </div>
 </body>
</html>
